%YAML 1.1
%TAG !u! tag:unity3d.com,2011:
--- !u!1 &2845140744250327653
GameObject:
  m_ObjectHideFlags: 0
  m_CorrespondingSourceObject: {fileID: 0}
  m_PrefabInstance: {fileID: 0}
  m_PrefabAsset: {fileID: 0}
  serializedVersion: 6
  m_Component:
  - component: {fileID: 2845140744250781321}
  m_Layer: 0
  m_Name: Horse_Rig_l_HindLeg_Knee1SHJnt
  m_TagString: Untagged
  m_Icon: {fileID: 0}
  m_NavMeshLayer: 0
  m_StaticEditorFlags: 0
  m_IsActive: 1
--- !u!4 &2845140744250781321
Transform:
  m_ObjectHideFlags: 0
  m_CorrespondingSourceObject: {fileID: 0}
  m_PrefabInstance: {fileID: 0}
  m_PrefabAsset: {fileID: 0}
  m_GameObject: {fileID: 2845140744250327653}
  m_LocalRotation: {x: 2.5255361e-17, y: -0.21154374, z: 2.2419832e-16, w: 0.97736853}
  m_LocalPosition: {x: -4.4487576, y: -4.8849813e-15, z: 8.881784e-16}
  m_LocalScale: {x: 1, y: 1, z: 1}
  m_Children:
  - {fileID: 2845140744250812623}
  m_Father: {fileID: 2845140744250840629}
  m_RootOrder: 0
  m_LocalEulerAnglesHint: {x: 0, y: 0, z: 0}
--- !u!1 &2845140744250330783
GameObject:
  m_ObjectHideFlags: 0
  m_CorrespondingSourceObject: {fileID: 0}
  m_PrefabInstance: {fileID: 0}
  m_PrefabAsset: {fileID: 0}
  serializedVersion: 6
  m_Component:
  - component: {fileID: 2845140744250779829}
  - component: {fileID: 2845140744264220497}
  m_Layer: 0
  m_Name: SA_Animal_Horse_Palomino
  m_TagString: Untagged
  m_Icon: {fileID: 0}
  m_NavMeshLayer: 0
  m_StaticEditorFlags: 0
  m_IsActive: 0
--- !u!4 &2845140744250779829
Transform:
  m_ObjectHideFlags: 0
  m_CorrespondingSourceObject: {fileID: 0}
  m_PrefabInstance: {fileID: 0}
  m_PrefabAsset: {fileID: 0}
  m_GameObject: {fileID: 2845140744250330783}
  m_LocalRotation: {x: 0, y: 0, z: 0, w: 1}
  m_LocalPosition: {x: 0, y: 0, z: 0}
  m_LocalScale: {x: 1, y: 1, z: 1}
  m_Children: []
  m_Father: {fileID: 2845140744250843717}
  m_RootOrder: 5
  m_LocalEulerAnglesHint: {x: 0, y: 0, z: 0}
--- !u!137 &2845140744264220497
SkinnedMeshRenderer:
  m_ObjectHideFlags: 0
  m_CorrespondingSourceObject: {fileID: 0}
  m_PrefabInstance: {fileID: 0}
  m_PrefabAsset: {fileID: 0}
  m_GameObject: {fileID: 2845140744250330783}
  m_Enabled: 1
  m_CastShadows: 1
  m_ReceiveShadows: 1
  m_DynamicOccludee: 1
  m_MotionVectors: 1
  m_LightProbeUsage: 1
  m_ReflectionProbeUsage: 1
  m_RayTracingMode: 0
  m_RenderingLayerMask: 1
  m_RendererPriority: 0
  m_Materials:
  - {fileID: 2100000, guid: 185ca34253615de44926902d54fb6f1d, type: 2}
  m_StaticBatchInfo:
    firstSubMesh: 0
    subMeshCount: 0
  m_StaticBatchRoot: {fileID: 0}
  m_ProbeAnchor: {fileID: 0}
  m_LightProbeVolumeOverride: {fileID: 0}
  m_ScaleInLightmap: 1
  m_ReceiveGI: 1
  m_PreserveUVs: 0
  m_IgnoreNormalsForChartDetection: 0
  m_ImportantGI: 0
  m_StitchLightmapSeams: 0
  m_SelectedEditorRenderState: 3
  m_MinimumChartSize: 4
  m_AutoUVMaxDistance: 0.5
  m_AutoUVMaxAngle: 89
  m_LightmapParameters: {fileID: 0}
  m_SortingLayerID: 0
  m_SortingLayer: 0
  m_SortingOrder: 0
  serializedVersion: 2
  m_Quality: 0
  m_UpdateWhenOffscreen: 0
  m_SkinnedMotionVectors: 1
  m_Mesh: {fileID: 4300004, guid: c4324fcdc6ce67d4e97e3c807c446974, type: 3}
  m_Bones:
  - {fileID: 2845140744250847471}
  - {fileID: 2845140744250836325}
  - {fileID: 2845140744250722569}
  - {fileID: 2845140744250791463}
  - {fileID: 2845140744250815689}
  - {fileID: 2845140744250847511}
  - {fileID: 2845140744250761835}
  - {fileID: 2845140744250764717}
  - {fileID: 2845140744250781805}
  - {fileID: 2845140744250815345}
  - {fileID: 2845140744250721549}
  - {fileID: 2845140744250791753}
  - {fileID: 2845140744250786739}
  - {fileID: 2845140744250722853}
  - {fileID: 2845140744250754553}
  - {fileID: 2845140744250806429}
  - {fileID: 2845140744250794431}
  - {fileID: 2845140744250834129}
  - {fileID: 2845140744250835985}
  - {fileID: 2845140744250803585}
  - {fileID: 2845140744250793759}
  - {fileID: 2845140744250807477}
  - {fileID: 2845140744250759545}
  - {fileID: 2845140744250721517}
  - {fileID: 2845140744250830683}
  - {fileID: 2845140744250840629}
  - {fileID: 2845140744250781321}
  - {fileID: 2845140744250812623}
  - {fileID: 2845140744250784939}
  - {fileID: 2845140744250799605}
  - {fileID: 2845140744250722867}
  - {fileID: 2845140744250813179}
  - {fileID: 2845140744250810249}
  - {fileID: 2845140744250757041}
  - {fileID: 2845140744250846165}
  - {fileID: 2845140744250759791}
  - {fileID: 2845140744250770751}
  - {fileID: 2845140744250777275}
  - {fileID: 2845140744250780841}
  - {fileID: 2845140744250794523}
  m_BlendShapeWeights: []
  m_RootBone: {fileID: 2845140744250847471}
  m_AABB:
    m_Center: {x: 0, y: -0.8832464, z: 11.784651}
    m_Extent: {x: 5.571748, y: 18.315586, z: 21.710882}
  m_DirtyAABB: 0
--- !u!1 &2845140744250333453
GameObject:
  m_ObjectHideFlags: 0
  m_CorrespondingSourceObject: {fileID: 0}
  m_PrefabInstance: {fileID: 0}
  m_PrefabAsset: {fileID: 0}
  serializedVersion: 6
  m_Component:
  - component: {fileID: 2845140744250834129}
  m_Layer: 0
  m_Name: Horse_Rig_Neck_02SHJnt
  m_TagString: Untagged
  m_Icon: {fileID: 0}
  m_NavMeshLayer: 0
  m_StaticEditorFlags: 0
  m_IsActive: 1
--- !u!4 &2845140744250834129
Transform:
  m_ObjectHideFlags: 0
  m_CorrespondingSourceObject: {fileID: 0}
  m_PrefabInstance: {fileID: 0}
  m_PrefabAsset: {fileID: 0}
  m_GameObject: {fileID: 2845140744250333453}
  m_LocalRotation: {x: -0.0000000067034907, y: -1.7456768e-16, z: 4.9327185e-17, w: 1}
  m_LocalPosition: {x: -3.6052296, y: -9.631311e-16, z: 0.97656286}
  m_LocalScale: {x: 1, y: 1, z: 1}
  m_Children:
  - {fileID: 2845140744250835985}
  m_Father: {fileID: 2845140744250794431}
  m_RootOrder: 0
  m_LocalEulerAnglesHint: {x: 0, y: 0, z: 0}
--- !u!1 &2845140744250334579
GameObject:
  m_ObjectHideFlags: 0
  m_CorrespondingSourceObject: {fileID: 0}
  m_PrefabInstance: {fileID: 0}
  m_PrefabAsset: {fileID: 0}
  serializedVersion: 6
  m_Component:
  - component: {fileID: 2845140744250760099}
  m_Layer: 0
  m_Name: Horse_Rig_SHJntGrp
  m_TagString: Untagged
  m_Icon: {fileID: 0}
  m_NavMeshLayer: 0
  m_StaticEditorFlags: 0
  m_IsActive: 1
--- !u!4 &2845140744250760099
Transform:
  m_ObjectHideFlags: 0
  m_CorrespondingSourceObject: {fileID: 0}
  m_PrefabInstance: {fileID: 0}
  m_PrefabAsset: {fileID: 0}
  m_GameObject: {fileID: 2845140744250334579}
  m_LocalRotation: {x: 0, y: 0, z: 0, w: 1}
  m_LocalPosition: {x: 0, y: 0, z: 0}
  m_LocalScale: {x: 1, y: 1, z: 1}
  m_Children:
  - {fileID: 2845140744250847471}
  m_Father: {fileID: 2845140744250843717}
  m_RootOrder: 0
  m_LocalEulerAnglesHint: {x: 0, y: 0, z: 0}
--- !u!1 &2845140744250334933
GameObject:
  m_ObjectHideFlags: 0
  m_CorrespondingSourceObject: {fileID: 0}
  m_PrefabInstance: {fileID: 0}
  m_PrefabAsset: {fileID: 0}
  serializedVersion: 6
  m_Component:
  - component: {fileID: 2845140744250812623}
  m_Layer: 0
  m_Name: Horse_Rig_l_HindLeg_Knee2SHJnt
  m_TagString: Untagged
  m_Icon: {fileID: 0}
  m_NavMeshLayer: 0
  m_StaticEditorFlags: 0
  m_IsActive: 1
--- !u!4 &2845140744250812623
Transform:
  m_ObjectHideFlags: 0
  m_CorrespondingSourceObject: {fileID: 0}
  m_PrefabInstance: {fileID: 0}
  m_PrefabAsset: {fileID: 0}
  m_GameObject: {fileID: 2845140744250334933}
  m_LocalRotation: {x: 1.3971329e-17, y: 0.19270486, z: 1.1210923e-16, w: 0.9812568}
  m_LocalPosition: {x: -5.0181556, y: -3.1086245e-15, z: 3.5527137e-15}
  m_LocalScale: {x: 1, y: 1, z: 1}
  m_Children:
  - {fileID: 2845140744250784939}
  m_Father: {fileID: 2845140744250781321}
  m_RootOrder: 0
  m_LocalEulerAnglesHint: {x: 0, y: 0, z: 0}
--- !u!1 &2845140744250335503
GameObject:
  m_ObjectHideFlags: 0
  m_CorrespondingSourceObject: {fileID: 0}
  m_PrefabInstance: {fileID: 0}
  m_PrefabAsset: {fileID: 0}
  serializedVersion: 6
  m_Component:
  - component: {fileID: 2845140744250756993}
  - component: {fileID: 2845140744263979181}
  m_Layer: 0
  m_Name: SA_Animal_Horse_Grey
  m_TagString: Untagged
  m_Icon: {fileID: 0}
  m_NavMeshLayer: 0
  m_StaticEditorFlags: 0
  m_IsActive: 0
--- !u!4 &2845140744250756993
Transform:
  m_ObjectHideFlags: 0
  m_CorrespondingSourceObject: {fileID: 0}
  m_PrefabInstance: {fileID: 0}
  m_PrefabAsset: {fileID: 0}
  m_GameObject: {fileID: 2845140744250335503}
  m_LocalRotation: {x: 0, y: 0, z: 0, w: 1}
  m_LocalPosition: {x: 0, y: 0, z: 0}
  m_LocalScale: {x: 1, y: 1, z: 1}
  m_Children: []
  m_Father: {fileID: 2845140744250843717}
  m_RootOrder: 4
  m_LocalEulerAnglesHint: {x: 0, y: 0, z: 0}
--- !u!137 &2845140744263979181
SkinnedMeshRenderer:
  m_ObjectHideFlags: 0
  m_CorrespondingSourceObject: {fileID: 0}
  m_PrefabInstance: {fileID: 0}
  m_PrefabAsset: {fileID: 0}
  m_GameObject: {fileID: 2845140744250335503}
  m_Enabled: 1
  m_CastShadows: 1
  m_ReceiveShadows: 1
  m_DynamicOccludee: 1
  m_MotionVectors: 1
  m_LightProbeUsage: 1
  m_ReflectionProbeUsage: 1
  m_RayTracingMode: 0
  m_RenderingLayerMask: 1
  m_RendererPriority: 0
  m_Materials:
  - {fileID: 2100000, guid: 185ca34253615de44926902d54fb6f1d, type: 2}
  m_StaticBatchInfo:
    firstSubMesh: 0
    subMeshCount: 0
  m_StaticBatchRoot: {fileID: 0}
  m_ProbeAnchor: {fileID: 0}
  m_LightProbeVolumeOverride: {fileID: 0}
  m_ScaleInLightmap: 1
  m_ReceiveGI: 1
  m_PreserveUVs: 0
  m_IgnoreNormalsForChartDetection: 0
  m_ImportantGI: 0
  m_StitchLightmapSeams: 0
  m_SelectedEditorRenderState: 3
  m_MinimumChartSize: 4
  m_AutoUVMaxDistance: 0.5
  m_AutoUVMaxAngle: 89
  m_LightmapParameters: {fileID: 0}
  m_SortingLayerID: 0
  m_SortingLayer: 0
  m_SortingOrder: 0
  serializedVersion: 2
  m_Quality: 0
  m_UpdateWhenOffscreen: 0
  m_SkinnedMotionVectors: 1
  m_Mesh: {fileID: 4300008, guid: c4324fcdc6ce67d4e97e3c807c446974, type: 3}
  m_Bones:
  - {fileID: 2845140744250847471}
  - {fileID: 2845140744250836325}
  - {fileID: 2845140744250722569}
  - {fileID: 2845140744250791463}
  - {fileID: 2845140744250815689}
  - {fileID: 2845140744250847511}
  - {fileID: 2845140744250761835}
  - {fileID: 2845140744250764717}
  - {fileID: 2845140744250781805}
  - {fileID: 2845140744250815345}
  - {fileID: 2845140744250721549}
  - {fileID: 2845140744250791753}
  - {fileID: 2845140744250786739}
  - {fileID: 2845140744250722853}
  - {fileID: 2845140744250754553}
  - {fileID: 2845140744250806429}
  - {fileID: 2845140744250794431}
  - {fileID: 2845140744250834129}
  - {fileID: 2845140744250835985}
  - {fileID: 2845140744250803585}
  - {fileID: 2845140744250793759}
  - {fileID: 2845140744250807477}
  - {fileID: 2845140744250759545}
  - {fileID: 2845140744250721517}
  - {fileID: 2845140744250830683}
  - {fileID: 2845140744250840629}
  - {fileID: 2845140744250781321}
  - {fileID: 2845140744250812623}
  - {fileID: 2845140744250784939}
  - {fileID: 2845140744250799605}
  - {fileID: 2845140744250722867}
  - {fileID: 2845140744250813179}
  - {fileID: 2845140744250810249}
  - {fileID: 2845140744250757041}
  - {fileID: 2845140744250846165}
  - {fileID: 2845140744250759791}
  - {fileID: 2845140744250770751}
  - {fileID: 2845140744250777275}
  - {fileID: 2845140744250780841}
  - {fileID: 2845140744250794523}
  m_BlendShapeWeights: []
  m_RootBone: {fileID: 2845140744250847471}
  m_AABB:
    m_Center: {x: 0, y: -0.8832464, z: 11.784651}
    m_Extent: {x: 5.571748, y: 18.315586, z: 21.710882}
  m_DirtyAABB: 0
--- !u!1 &2845140744250339361
GameObject:
  m_ObjectHideFlags: 0
  m_CorrespondingSourceObject: {fileID: 0}
  m_PrefabInstance: {fileID: 0}
  m_PrefabAsset: {fileID: 0}
  serializedVersion: 6
  m_Component:
  - component: {fileID: 2845140744250768151}
  - component: {fileID: 2845140744264200515}
  m_Layer: 0
  m_Name: SA_Animal_Horse_Black
  m_TagString: Untagged
  m_Icon: {fileID: 0}
  m_NavMeshLayer: 0
  m_StaticEditorFlags: 0
  m_IsActive: 1
--- !u!4 &2845140744250768151
Transform:
  m_ObjectHideFlags: 0
  m_CorrespondingSourceObject: {fileID: 0}
  m_PrefabInstance: {fileID: 0}
  m_PrefabAsset: {fileID: 0}
  m_GameObject: {fileID: 2845140744250339361}
  m_LocalRotation: {x: 0, y: 0, z: 0, w: 1}
  m_LocalPosition: {x: 0, y: 0, z: 0}
  m_LocalScale: {x: 1, y: 1, z: 1}
  m_Children: []
  m_Father: {fileID: 2845140744250843717}
  m_RootOrder: 1
  m_LocalEulerAnglesHint: {x: 0, y: 0, z: 0}
--- !u!137 &2845140744264200515
SkinnedMeshRenderer:
  m_ObjectHideFlags: 0
  m_CorrespondingSourceObject: {fileID: 0}
  m_PrefabInstance: {fileID: 0}
  m_PrefabAsset: {fileID: 0}
  m_GameObject: {fileID: 2845140744250339361}
  m_Enabled: 1
  m_CastShadows: 1
  m_ReceiveShadows: 1
  m_DynamicOccludee: 1
  m_MotionVectors: 1
  m_LightProbeUsage: 1
  m_ReflectionProbeUsage: 1
  m_RayTracingMode: 0
  m_RenderingLayerMask: 1
  m_RendererPriority: 0
  m_Materials:
  - {fileID: 2100000, guid: 185ca34253615de44926902d54fb6f1d, type: 2}
  m_StaticBatchInfo:
    firstSubMesh: 0
    subMeshCount: 0
  m_StaticBatchRoot: {fileID: 0}
  m_ProbeAnchor: {fileID: 0}
  m_LightProbeVolumeOverride: {fileID: 0}
  m_ScaleInLightmap: 1
  m_ReceiveGI: 1
  m_PreserveUVs: 0
  m_IgnoreNormalsForChartDetection: 0
  m_ImportantGI: 0
  m_StitchLightmapSeams: 0
  m_SelectedEditorRenderState: 3
  m_MinimumChartSize: 4
  m_AutoUVMaxDistance: 0.5
  m_AutoUVMaxAngle: 89
  m_LightmapParameters: {fileID: 0}
  m_SortingLayerID: 0
  m_SortingLayer: 0
  m_SortingOrder: 0
  serializedVersion: 2
  m_Quality: 0
  m_UpdateWhenOffscreen: 0
  m_SkinnedMotionVectors: 1
  m_Mesh: {fileID: 4300006, guid: c4324fcdc6ce67d4e97e3c807c446974, type: 3}
  m_Bones:
  - {fileID: 2845140744250847471}
  - {fileID: 2845140744250836325}
  - {fileID: 2845140744250722569}
  - {fileID: 2845140744250791463}
  - {fileID: 2845140744250815689}
  - {fileID: 2845140744250847511}
  - {fileID: 2845140744250761835}
  - {fileID: 2845140744250764717}
  - {fileID: 2845140744250781805}
  - {fileID: 2845140744250815345}
  - {fileID: 2845140744250721549}
  - {fileID: 2845140744250791753}
  - {fileID: 2845140744250786739}
  - {fileID: 2845140744250722853}
  - {fileID: 2845140744250754553}
  - {fileID: 2845140744250806429}
  - {fileID: 2845140744250794431}
  - {fileID: 2845140744250834129}
  - {fileID: 2845140744250835985}
  - {fileID: 2845140744250803585}
  - {fileID: 2845140744250793759}
  - {fileID: 2845140744250807477}
  - {fileID: 2845140744250759545}
  - {fileID: 2845140744250721517}
  - {fileID: 2845140744250830683}
  - {fileID: 2845140744250840629}
  - {fileID: 2845140744250781321}
  - {fileID: 2845140744250812623}
  - {fileID: 2845140744250784939}
  - {fileID: 2845140744250799605}
  - {fileID: 2845140744250722867}
  - {fileID: 2845140744250813179}
  - {fileID: 2845140744250810249}
  - {fileID: 2845140744250757041}
  - {fileID: 2845140744250846165}
  - {fileID: 2845140744250759791}
  - {fileID: 2845140744250770751}
  - {fileID: 2845140744250777275}
  - {fileID: 2845140744250780841}
  - {fileID: 2845140744250794523}
  m_BlendShapeWeights: []
  m_RootBone: {fileID: 2845140744250847471}
  m_AABB:
    m_Center: {x: 0, y: -0.8832464, z: 11.784651}
    m_Extent: {x: 5.571748, y: 18.315586, z: 21.710882}
  m_DirtyAABB: 0
--- !u!1 &2845140744250339965
GameObject:
  m_ObjectHideFlags: 0
  m_CorrespondingSourceObject: {fileID: 0}
  m_PrefabInstance: {fileID: 0}
  m_PrefabAsset: {fileID: 0}
  serializedVersion: 6
  m_Component:
  - component: {fileID: 2845140744250759545}
  m_Layer: 0
  m_Name: Horse_Rig_Head_TopSHJnt
  m_TagString: Untagged
  m_Icon: {fileID: 0}
  m_NavMeshLayer: 0
  m_StaticEditorFlags: 0
  m_IsActive: 1
--- !u!4 &2845140744250759545
Transform:
  m_ObjectHideFlags: 0
  m_CorrespondingSourceObject: {fileID: 0}
  m_PrefabInstance: {fileID: 0}
  m_PrefabAsset: {fileID: 0}
  m_GameObject: {fileID: 2845140744250339965}
  m_LocalRotation: {x: 0, y: 0, z: 0.7071068, w: 0.7071068}
  m_LocalPosition: {x: -3, y: 3.0435454e-15, z: 0}
  m_LocalScale: {x: 1, y: 1, z: 1}
  m_Children:
  - {fileID: 2845140744250721517}
  - {fileID: 2845140744250830683}
  m_Father: {fileID: 2845140744250803585}
  m_RootOrder: 1
  m_LocalEulerAnglesHint: {x: 0, y: 0, z: 0}
--- !u!1 &2845140744250340883
GameObject:
  m_ObjectHideFlags: 0
  m_CorrespondingSourceObject: {fileID: 0}
  m_PrefabInstance: {fileID: 0}
  m_PrefabAsset: {fileID: 0}
  serializedVersion: 6
  m_Component:
  - component: {fileID: 2845140744250807477}
  m_Layer: 0
  m_Name: Horse_Rig_Head_JawEndSHJnt
  m_TagString: Untagged
  m_Icon: {fileID: 0}
  m_NavMeshLayer: 0
  m_StaticEditorFlags: 0
  m_IsActive: 1
--- !u!4 &2845140744250807477
Transform:
  m_ObjectHideFlags: 0
  m_CorrespondingSourceObject: {fileID: 0}
  m_PrefabInstance: {fileID: 0}
  m_PrefabAsset: {fileID: 0}
  m_GameObject: {fileID: 2845140744250340883}
  m_LocalRotation: {x: 0.8621106, y: 0, z: 0, w: 0.5067201}
  m_LocalPosition: {x: -2.9227497e-15, y: -2.842834, z: 5.3989825}
  m_LocalScale: {x: 1, y: 1, z: 1}
  m_Children: []
  m_Father: {fileID: 2845140744250793759}
  m_RootOrder: 0
  m_LocalEulerAnglesHint: {x: 0, y: 0, z: 0}
--- !u!1 &2845140744250341817
GameObject:
  m_ObjectHideFlags: 0
  m_CorrespondingSourceObject: {fileID: 0}
  m_PrefabInstance: {fileID: 0}
  m_PrefabAsset: {fileID: 0}
  serializedVersion: 6
  m_Component:
  - component: {fileID: 2845140744250833067}
  m_Layer: 0
  m_Name: Horse_Rig_r_FrontLeg_ToeSHJnt
  m_TagString: Untagged
  m_Icon: {fileID: 0}
  m_NavMeshLayer: 0
  m_StaticEditorFlags: 0
  m_IsActive: 1
--- !u!4 &2845140744250833067
Transform:
  m_ObjectHideFlags: 0
  m_CorrespondingSourceObject: {fileID: 0}
  m_PrefabInstance: {fileID: 0}
  m_PrefabAsset: {fileID: 0}
  m_GameObject: {fileID: 2845140744250341817}
  m_LocalRotation: {x: 0, y: 0, z: 0, w: 1}
  m_LocalPosition: {x: -1.9785748, y: -1.7763568e-15, z: 6.727267e-16}
  m_LocalScale: {x: 1, y: 1, z: 1}
  m_Children: []
  m_Father: {fileID: 2845140744250806429}
  m_RootOrder: 0
  m_LocalEulerAnglesHint: {x: 0, y: 0, z: 0}
--- !u!1 &2845140744250343953
GameObject:
  m_ObjectHideFlags: 0
  m_CorrespondingSourceObject: {fileID: 0}
  m_PrefabInstance: {fileID: 0}
  m_PrefabAsset: {fileID: 0}
  serializedVersion: 6
  m_Component:
  - component: {fileID: 2845140744250721549}
  m_Layer: 0
  m_Name: Horse_Rig_r_Clavicle_01_01SHJnt
  m_TagString: Untagged
  m_Icon: {fileID: 0}
  m_NavMeshLayer: 0
  m_StaticEditorFlags: 0
  m_IsActive: 1
--- !u!4 &2845140744250721549
Transform:
  m_ObjectHideFlags: 0
  m_CorrespondingSourceObject: {fileID: 0}
  m_PrefabInstance: {fileID: 0}
  m_PrefabAsset: {fileID: 0}
  m_GameObject: {fileID: 2845140744250343953}
  m_LocalRotation: {x: 0, y: 0, z: 0.7071068, w: 0.7071068}
  m_LocalPosition: {x: -1.7763568e-15, y: 0.9673913, z: 3.5527137e-15}
  m_LocalScale: {x: 1, y: 1, z: 1}
  m_Children:
  - {fileID: 2845140744250791753}
  m_Father: {fileID: 2845140744250791463}
  m_RootOrder: 2
  m_LocalEulerAnglesHint: {x: 0, y: 0, z: 0}
--- !u!1 &2845140744250345223
GameObject:
  m_ObjectHideFlags: 0
  m_CorrespondingSourceObject: {fileID: 0}
  m_PrefabInstance: {fileID: 0}
  m_PrefabAsset: {fileID: 0}
  serializedVersion: 6
  m_Component:
  - component: {fileID: 2845140744250781805}
  m_Layer: 0
  m_Name: Horse_Rig_l_FrontLeg_AnkleSHJnt
  m_TagString: Untagged
  m_Icon: {fileID: 0}
  m_NavMeshLayer: 0
  m_StaticEditorFlags: 0
  m_IsActive: 1
--- !u!4 &2845140744250781805
Transform:
  m_ObjectHideFlags: 0
  m_CorrespondingSourceObject: {fileID: 0}
  m_PrefabInstance: {fileID: 0}
  m_PrefabAsset: {fileID: 0}
  m_GameObject: {fileID: 2845140744250345223}
  m_LocalRotation: {x: 3.9294843e-19, y: 0.012803111, z: 1.6690256e-16, w: 0.99991804}
  m_LocalPosition: {x: -5.4587255, y: -3.996803e-15, z: -7.993606e-15}
  m_LocalScale: {x: 1, y: 1, z: 1}
  m_Children:
  - {fileID: 2845140744250815345}
  m_Father: {fileID: 2845140744250764717}
  m_RootOrder: 0
  m_LocalEulerAnglesHint: {x: 0, y: 0, z: 0}
--- !u!1 &2845140744250346133
GameObject:
  m_ObjectHideFlags: 0
  m_CorrespondingSourceObject: {fileID: 0}
  m_PrefabInstance: {fileID: 0}
  m_PrefabAsset: {fileID: 0}
  serializedVersion: 6
  m_Component:
  - component: {fileID: 2845140744250814211}
  m_Layer: 0
  m_Name: Horse_Rig_l_FrontLeg_ToeSHJnt
  m_TagString: Untagged
  m_Icon: {fileID: 0}
  m_NavMeshLayer: 0
  m_StaticEditorFlags: 0
  m_IsActive: 1
--- !u!4 &2845140744250814211
Transform:
  m_ObjectHideFlags: 0
  m_CorrespondingSourceObject: {fileID: 0}
  m_PrefabInstance: {fileID: 0}
  m_PrefabAsset: {fileID: 0}
  m_GameObject: {fileID: 2845140744250346133}
  m_LocalRotation: {x: 0, y: 0, z: 0, w: 1}
  m_LocalPosition: {x: -1.9785748, y: 1.3322676e-15, z: 6.8169805e-16}
  m_LocalScale: {x: 1, y: 1, z: 1}
  m_Children: []
  m_Father: {fileID: 2845140744250815345}
  m_RootOrder: 0
  m_LocalEulerAnglesHint: {x: 0, y: 0, z: 0}
--- !u!1 &2845140744250348265
GameObject:
  m_ObjectHideFlags: 0
  m_CorrespondingSourceObject: {fileID: 0}
  m_PrefabInstance: {fileID: 0}
  m_PrefabAsset: {fileID: 0}
  serializedVersion: 6
  m_Component:
  - component: {fileID: 2845140744250784939}
  m_Layer: 0
  m_Name: Horse_Rig_l_HindLeg_AnkleSHJnt
  m_TagString: Untagged
  m_Icon: {fileID: 0}
  m_NavMeshLayer: 0
  m_StaticEditorFlags: 0
  m_IsActive: 1
--- !u!4 &2845140744250784939
Transform:
  m_ObjectHideFlags: 0
  m_CorrespondingSourceObject: {fileID: 0}
  m_PrefabInstance: {fileID: 0}
  m_PrefabAsset: {fileID: 0}
  m_GameObject: {fileID: 2845140744250348265}
  m_LocalRotation: {x: -5.270265e-18, y: -0.032063086, z: 1.6860843e-16, w: 0.99948585}
  m_LocalPosition: {x: -5.0231, y: -3.996803e-15, z: -3.5527137e-15}
  m_LocalScale: {x: 1, y: 1, z: 1}
  m_Children:
  - {fileID: 2845140744250799605}
  m_Father: {fileID: 2845140744250812623}
  m_RootOrder: 0
  m_LocalEulerAnglesHint: {x: 0, y: 0, z: 0}
--- !u!1 &2845140744250353721
GameObject:
  m_ObjectHideFlags: 0
  m_CorrespondingSourceObject: {fileID: 0}
  m_PrefabInstance: {fileID: 0}
  m_PrefabAsset: {fileID: 0}
  serializedVersion: 6
  m_Component:
  - component: {fileID: 2845140744250794523}
  m_Layer: 0
  m_Name: Horse_Rig_Tail_TopSHJnt
  m_TagString: Untagged
  m_Icon: {fileID: 0}
  m_NavMeshLayer: 0
  m_StaticEditorFlags: 0
  m_IsActive: 1
--- !u!4 &2845140744250794523
Transform:
  m_ObjectHideFlags: 0
  m_CorrespondingSourceObject: {fileID: 0}
  m_PrefabInstance: {fileID: 0}
  m_PrefabAsset: {fileID: 0}
  m_GameObject: {fileID: 2845140744250353721}
  m_LocalRotation: {x: 0.99789953, y: 0.0000000019154678, z: -0.0647809, w: 1.2434696e-10}
  m_LocalPosition: {x: -6.3602276, y: 3.9375296e-15, z: 2.707124}
  m_LocalScale: {x: 1, y: 1, z: 1}
  m_Children: []
  m_Father: {fileID: 2845140744250780841}
  m_RootOrder: 0
  m_LocalEulerAnglesHint: {x: 0, y: 0, z: 0}
--- !u!1 &2845140744250353979
GameObject:
  m_ObjectHideFlags: 0
  m_CorrespondingSourceObject: {fileID: 0}
  m_PrefabInstance: {fileID: 0}
  m_PrefabAsset: {fileID: 0}
  serializedVersion: 6
  m_Component:
  - component: {fileID: 2845140744250759791}
  m_Layer: 0
  m_Name: Horse_Rig_r_HindLeg_BallSHJnt
  m_TagString: Untagged
  m_Icon: {fileID: 0}
  m_NavMeshLayer: 0
  m_StaticEditorFlags: 0
  m_IsActive: 1
--- !u!4 &2845140744250759791
Transform:
  m_ObjectHideFlags: 0
  m_CorrespondingSourceObject: {fileID: 0}
  m_PrefabInstance: {fileID: 0}
  m_PrefabAsset: {fileID: 0}
  m_GameObject: {fileID: 2845140744250353979}
  m_LocalRotation: {x: -6.065518e-17, y: 0.7071068, z: 6.065518e-17, w: 0.7071068}
  m_LocalPosition: {x: -4.003157, y: -3.5527137e-15, z: 2.241153}
  m_LocalScale: {x: 1, y: 1, z: 1}
  m_Children:
  - {fileID: 2845140744250770751}
  m_Father: {fileID: 2845140744250846165}
  m_RootOrder: 0
  m_LocalEulerAnglesHint: {x: 0, y: 0, z: 0}
--- !u!1 &2845140744250354773
GameObject:
  m_ObjectHideFlags: 0
  m_CorrespondingSourceObject: {fileID: 0}
  m_PrefabInstance: {fileID: 0}
  m_PrefabAsset: {fileID: 0}
  serializedVersion: 6
  m_Component:
  - component: {fileID: 2845140744250835985}
  m_Layer: 0
  m_Name: Horse_Rig_Neck_03SHJnt
  m_TagString: Untagged
  m_Icon: {fileID: 0}
  m_NavMeshLayer: 0
  m_StaticEditorFlags: 0
  m_IsActive: 1
--- !u!4 &2845140744250835985
Transform:
  m_ObjectHideFlags: 0
  m_CorrespondingSourceObject: {fileID: 0}
  m_PrefabInstance: {fileID: 0}
  m_PrefabAsset: {fileID: 0}
  m_GameObject: {fileID: 2845140744250354773}
  m_LocalRotation: {x: -0.0000000067034907, y: -4.7570397e-16, z: -5.407272e-17, w: 1}
  m_LocalPosition: {x: -5.6803374, y: 1.9690191e-15, z: -0.3812638}
  m_LocalScale: {x: 1, y: 1, z: 1}
  m_Children:
  - {fileID: 2845140744250803585}
  m_Father: {fileID: 2845140744250834129}
  m_RootOrder: 0
  m_LocalEulerAnglesHint: {x: 0, y: 0, z: 0}
--- !u!1 &2845140744250359029
GameObject:
  m_ObjectHideFlags: 0
  m_CorrespondingSourceObject: {fileID: 0}
  m_PrefabInstance: {fileID: 0}
  m_PrefabAsset: {fileID: 0}
  serializedVersion: 6
  m_Component:
  - component: {fileID: 2845140744250774523}
  - component: {fileID: 2845140744263971647}
  m_Layer: 0
  m_Name: SA_Animal_Horse_Buckskin
  m_TagString: Untagged
  m_Icon: {fileID: 0}
  m_NavMeshLayer: 0
  m_StaticEditorFlags: 0
  m_IsActive: 0
--- !u!4 &2845140744250774523
Transform:
  m_ObjectHideFlags: 0
  m_CorrespondingSourceObject: {fileID: 0}
  m_PrefabInstance: {fileID: 0}
  m_PrefabAsset: {fileID: 0}
  m_GameObject: {fileID: 2845140744250359029}
  m_LocalRotation: {x: 0, y: 0, z: 0, w: 1}
  m_LocalPosition: {x: 0, y: 0, z: 0}
  m_LocalScale: {x: 1, y: 1, z: 1}
  m_Children: []
  m_Father: {fileID: 2845140744250843717}
  m_RootOrder: 3
  m_LocalEulerAnglesHint: {x: 0, y: 0, z: 0}
--- !u!137 &2845140744263971647
SkinnedMeshRenderer:
  m_ObjectHideFlags: 0
  m_CorrespondingSourceObject: {fileID: 0}
  m_PrefabInstance: {fileID: 0}
  m_PrefabAsset: {fileID: 0}
  m_GameObject: {fileID: 2845140744250359029}
  m_Enabled: 1
  m_CastShadows: 1
  m_ReceiveShadows: 1
  m_DynamicOccludee: 1
  m_MotionVectors: 1
  m_LightProbeUsage: 1
  m_ReflectionProbeUsage: 1
  m_RayTracingMode: 0
  m_RenderingLayerMask: 1
  m_RendererPriority: 0
  m_Materials:
  - {fileID: 2100000, guid: 185ca34253615de44926902d54fb6f1d, type: 2}
  m_StaticBatchInfo:
    firstSubMesh: 0
    subMeshCount: 0
  m_StaticBatchRoot: {fileID: 0}
  m_ProbeAnchor: {fileID: 0}
  m_LightProbeVolumeOverride: {fileID: 0}
  m_ScaleInLightmap: 1
  m_ReceiveGI: 1
  m_PreserveUVs: 0
  m_IgnoreNormalsForChartDetection: 0
  m_ImportantGI: 0
  m_StitchLightmapSeams: 0
  m_SelectedEditorRenderState: 3
  m_MinimumChartSize: 4
  m_AutoUVMaxDistance: 0.5
  m_AutoUVMaxAngle: 89
  m_LightmapParameters: {fileID: 0}
  m_SortingLayerID: 0
  m_SortingLayer: 0
  m_SortingOrder: 0
  serializedVersion: 2
  m_Quality: 0
  m_UpdateWhenOffscreen: 0
  m_SkinnedMotionVectors: 1
  m_Mesh: {fileID: 4300002, guid: c4324fcdc6ce67d4e97e3c807c446974, type: 3}
  m_Bones:
  - {fileID: 2845140744250847471}
  - {fileID: 2845140744250836325}
  - {fileID: 2845140744250722569}
  - {fileID: 2845140744250791463}
  - {fileID: 2845140744250815689}
  - {fileID: 2845140744250847511}
  - {fileID: 2845140744250761835}
  - {fileID: 2845140744250764717}
  - {fileID: 2845140744250781805}
  - {fileID: 2845140744250815345}
  - {fileID: 2845140744250721549}
  - {fileID: 2845140744250791753}
  - {fileID: 2845140744250786739}
  - {fileID: 2845140744250722853}
  - {fileID: 2845140744250754553}
  - {fileID: 2845140744250806429}
  - {fileID: 2845140744250794431}
  - {fileID: 2845140744250834129}
  - {fileID: 2845140744250835985}
  - {fileID: 2845140744250803585}
  - {fileID: 2845140744250793759}
  - {fileID: 2845140744250807477}
  - {fileID: 2845140744250759545}
  - {fileID: 2845140744250721517}
  - {fileID: 2845140744250830683}
  - {fileID: 2845140744250840629}
  - {fileID: 2845140744250781321}
  - {fileID: 2845140744250812623}
  - {fileID: 2845140744250784939}
  - {fileID: 2845140744250799605}
  - {fileID: 2845140744250722867}
  - {fileID: 2845140744250813179}
  - {fileID: 2845140744250810249}
  - {fileID: 2845140744250757041}
  - {fileID: 2845140744250846165}
  - {fileID: 2845140744250759791}
  - {fileID: 2845140744250770751}
  - {fileID: 2845140744250777275}
  - {fileID: 2845140744250780841}
  - {fileID: 2845140744250794523}
  m_BlendShapeWeights: []
  m_RootBone: {fileID: 2845140744250847471}
  m_AABB:
    m_Center: {x: 0, y: -0.8832464, z: 11.784651}
    m_Extent: {x: 5.571748, y: 18.315586, z: 21.710882}
  m_DirtyAABB: 0
--- !u!1 &2845140744250496019
GameObject:
  m_ObjectHideFlags: 0
  m_CorrespondingSourceObject: {fileID: 0}
  m_PrefabInstance: {fileID: 0}
  m_PrefabAsset: {fileID: 0}
  serializedVersion: 6
  m_Component:
  - component: {fileID: 2845140744250791463}
  m_Layer: 0
  m_Name: Horse_Rig_Spine_TopSHJnt
  m_TagString: Untagged
  m_Icon: {fileID: 0}
  m_NavMeshLayer: 0
  m_StaticEditorFlags: 0
  m_IsActive: 1
--- !u!4 &2845140744250791463
Transform:
  m_ObjectHideFlags: 0
  m_CorrespondingSourceObject: {fileID: 0}
  m_PrefabInstance: {fileID: 0}
  m_PrefabAsset: {fileID: 0}
  m_GameObject: {fileID: 2845140744250496019}
  m_LocalRotation: {x: 3.0616168e-17, y: -1.110223e-16, z: -2.4894982e-17, w: 1}
  m_LocalPosition: {x: -1.8804382, y: 4.1754116e-16, z: -3.5527137e-15}
  m_LocalScale: {x: 1, y: 1, z: 1}
  m_Children:
  - {fileID: 2845140744250815689}
  - {fileID: 2845140744250794431}
  - {fileID: 2845140744250721549}
  m_Father: {fileID: 2845140744250722569}
  m_RootOrder: 0
  m_LocalEulerAnglesHint: {x: 0, y: 0, z: 0}
--- !u!1 &2845140744250498203
GameObject:
  m_ObjectHideFlags: 0
  m_CorrespondingSourceObject: {fileID: 0}
  m_PrefabInstance: {fileID: 0}
  m_PrefabAsset: {fileID: 0}
  serializedVersion: 6
  m_Component:
  - component: {fileID: 2845140744250754553}
  m_Layer: 0
  m_Name: Horse_Rig_r_FrontLeg_AnkleSHJnt
  m_TagString: Untagged
  m_Icon: {fileID: 0}
  m_NavMeshLayer: 0
  m_StaticEditorFlags: 0
  m_IsActive: 1
--- !u!4 &2845140744250754553
Transform:
  m_ObjectHideFlags: 0
  m_CorrespondingSourceObject: {fileID: 0}
  m_PrefabInstance: {fileID: 0}
  m_PrefabAsset: {fileID: 0}
  m_GameObject: {fileID: 2845140744250498203}
  m_LocalRotation: {x: 3.9294843e-19, y: 0.012803111, z: 1.6690256e-16, w: 0.99991804}
  m_LocalPosition: {x: -5.4587255, y: -5.3290705e-15, z: -8.881784e-15}
  m_LocalScale: {x: 1, y: 1, z: 1}
  m_Children:
  - {fileID: 2845140744250806429}
  m_Father: {fileID: 2845140744250722853}
  m_RootOrder: 0
  m_LocalEulerAnglesHint: {x: 0, y: 0, z: 0}
--- !u!1 &2845140744250526915
GameObject:
  m_ObjectHideFlags: 0
  m_CorrespondingSourceObject: {fileID: 0}
  m_PrefabInstance: {fileID: 0}
  m_PrefabAsset: {fileID: 0}
  serializedVersion: 6
  m_Component:
  - component: {fileID: 2845140744250830683}
  m_Layer: 0
  m_Name: Horse_Rig_r_Eye_01SHJnt
  m_TagString: Untagged
  m_Icon: {fileID: 0}
  m_NavMeshLayer: 0
  m_StaticEditorFlags: 0
  m_IsActive: 1
--- !u!4 &2845140744250830683
Transform:
  m_ObjectHideFlags: 0
  m_CorrespondingSourceObject: {fileID: 0}
  m_PrefabInstance: {fileID: 0}
  m_PrefabAsset: {fileID: 0}
  m_GameObject: {fileID: 2845140744250526915}
  m_LocalRotation: {x: 0.07033598, y: 0.07033598, z: -0.70359993, w: 0.70359993}
  m_LocalPosition: {x: 1.807144, y: 0.23072052, z: 1.2304938}
  m_LocalScale: {x: 1, y: 1, z: 1}
  m_Children: []
  m_Father: {fileID: 2845140744250759545}
  m_RootOrder: 1
  m_LocalEulerAnglesHint: {x: 0, y: 0, z: 0}
--- !u!1 &2845140744250528239
GameObject:
  m_ObjectHideFlags: 0
  m_CorrespondingSourceObject: {fileID: 0}
  m_PrefabInstance: {fileID: 0}
  m_PrefabAsset: {fileID: 0}
  serializedVersion: 6
  m_Component:
  - component: {fileID: 2845140744250836325}
  m_Layer: 0
  m_Name: Horse_Rig_Spine_01SHJnt
  m_TagString: Untagged
  m_Icon: {fileID: 0}
  m_NavMeshLayer: 0
  m_StaticEditorFlags: 0
  m_IsActive: 1
--- !u!4 &2845140744250836325
Transform:
  m_ObjectHideFlags: 0
  m_CorrespondingSourceObject: {fileID: 0}
  m_PrefabInstance: {fileID: 0}
  m_PrefabAsset: {fileID: 0}
  m_GameObject: {fileID: 2845140744250528239}
  m_LocalRotation: {x: 0.5, y: 0.5, z: -0.5, w: 0.5}
  m_LocalPosition: {x: 1.6542017e-15, y: -3.5527137e-15, z: 7.7726617}
  m_LocalScale: {x: 1, y: 1, z: 1}
  m_Children:
  - {fileID: 2845140744250722569}
  m_Father: {fileID: 2845140744250847471}
  m_RootOrder: 2
  m_LocalEulerAnglesHint: {x: 0, y: 0, z: 0}
--- !u!1 &2845140744250528273
GameObject:
  m_ObjectHideFlags: 0
  m_CorrespondingSourceObject: {fileID: 0}
  m_PrefabInstance: {fileID: 0}
  m_PrefabAsset: {fileID: 0}
  serializedVersion: 6
  m_Component:
  - component: {fileID: 2845140744250757041}
  m_Layer: 0
  m_Name: Horse_Rig_r_HindLeg_Knee2SHJnt
  m_TagString: Untagged
  m_Icon: {fileID: 0}
  m_NavMeshLayer: 0
  m_StaticEditorFlags: 0
  m_IsActive: 1
--- !u!4 &2845140744250757041
Transform:
  m_ObjectHideFlags: 0
  m_CorrespondingSourceObject: {fileID: 0}
  m_PrefabInstance: {fileID: 0}
  m_PrefabAsset: {fileID: 0}
  m_GameObject: {fileID: 2845140744250528273}
  m_LocalRotation: {x: 1.394355e-17, y: 0.19270486, z: 1.1225067e-16, w: 0.9812568}
  m_LocalPosition: {x: -5.0181556, y: -4.8849813e-15, z: 1.7763568e-15}
  m_LocalScale: {x: 1, y: 1, z: 1}
  m_Children:
  - {fileID: 2845140744250846165}
  m_Father: {fileID: 2845140744250810249}
  m_RootOrder: 0
  m_LocalEulerAnglesHint: {x: 0, y: 0, z: 0}
--- !u!1 &2845140744250531539
GameObject:
  m_ObjectHideFlags: 0
  m_CorrespondingSourceObject: {fileID: 0}
  m_PrefabInstance: {fileID: 0}
  m_PrefabAsset: {fileID: 0}
  serializedVersion: 6
  m_Component:
  - component: {fileID: 2845140744250815689}
  m_Layer: 0
  m_Name: Horse_Rig_l_Clavicle_01_01SHJnt
  m_TagString: Untagged
  m_Icon: {fileID: 0}
  m_NavMeshLayer: 0
  m_StaticEditorFlags: 0
  m_IsActive: 1
--- !u!4 &2845140744250815689
Transform:
  m_ObjectHideFlags: 0
  m_CorrespondingSourceObject: {fileID: 0}
  m_PrefabInstance: {fileID: 0}
  m_PrefabAsset: {fileID: 0}
  m_GameObject: {fileID: 2845140744250531539}
  m_LocalRotation: {x: 0, y: 0, z: 0.7071068, w: 0.7071068}
  m_LocalPosition: {x: -1.7763568e-15, y: -0.9673913, z: 3.5527137e-15}
  m_LocalScale: {x: 1, y: 1, z: 1}
  m_Children:
  - {fileID: 2845140744250847511}
  m_Father: {fileID: 2845140744250791463}
  m_RootOrder: 0
  m_LocalEulerAnglesHint: {x: 0, y: 0, z: 0}
--- !u!1 &2845140744250533443
GameObject:
  m_ObjectHideFlags: 0
  m_CorrespondingSourceObject: {fileID: 0}
  m_PrefabInstance: {fileID: 0}
  m_PrefabAsset: {fileID: 0}
  serializedVersion: 6
  m_Component:
  - component: {fileID: 2845140744250847471}
  m_Layer: 0
  m_Name: Horse_Rig_ROOTSHJnt
  m_TagString: Untagged
  m_Icon: {fileID: 0}
  m_NavMeshLayer: 0
  m_StaticEditorFlags: 0
  m_IsActive: 1
--- !u!4 &2845140744250847471
Transform:
  m_ObjectHideFlags: 0
  m_CorrespondingSourceObject: {fileID: 0}
  m_PrefabInstance: {fileID: 0}
  m_PrefabAsset: {fileID: 0}
  m_GameObject: {fileID: 2845140744250533443}
  m_LocalRotation: {x: 0, y: 0, z: 0, w: 1}
  m_LocalPosition: {x: -0, y: 19.198828, z: -7.4475584}
  m_LocalScale: {x: 1, y: 1, z: 1}
  m_Children:
  - {fileID: 2845140744250840629}
  - {fileID: 2845140744250813179}
  - {fileID: 2845140744250836325}
  - {fileID: 2845140744250777275}
  m_Father: {fileID: 2845140744250760099}
  m_RootOrder: 0
  m_LocalEulerAnglesHint: {x: 0, y: 0, z: 0}
--- !u!1 &2845140744250534485
GameObject:
  m_ObjectHideFlags: 0
  m_CorrespondingSourceObject: {fileID: 0}
  m_PrefabInstance: {fileID: 0}
  m_PrefabAsset: {fileID: 0}
  serializedVersion: 6
  m_Component:
  - component: {fileID: 2845140744250813987}
  - component: {fileID: 2845140744264191957}
  m_Layer: 0
  m_Name: SA_Animal_Horse_Brown
  m_TagString: Untagged
  m_Icon: {fileID: 0}
  m_NavMeshLayer: 0
  m_StaticEditorFlags: 0
  m_IsActive: 0
--- !u!4 &2845140744250813987
Transform:
  m_ObjectHideFlags: 0
  m_CorrespondingSourceObject: {fileID: 0}
  m_PrefabInstance: {fileID: 0}
  m_PrefabAsset: {fileID: 0}
  m_GameObject: {fileID: 2845140744250534485}
  m_LocalRotation: {x: 0, y: 0, z: 0, w: 1}
  m_LocalPosition: {x: 0, y: 0, z: 0}
  m_LocalScale: {x: 1, y: 1, z: 1}
  m_Children: []
  m_Father: {fileID: 2845140744250843717}
  m_RootOrder: 2
  m_LocalEulerAnglesHint: {x: 0, y: 0, z: 0}
--- !u!137 &2845140744264191957
SkinnedMeshRenderer:
  m_ObjectHideFlags: 0
  m_CorrespondingSourceObject: {fileID: 0}
  m_PrefabInstance: {fileID: 0}
  m_PrefabAsset: {fileID: 0}
  m_GameObject: {fileID: 2845140744250534485}
  m_Enabled: 1
  m_CastShadows: 1
  m_ReceiveShadows: 1
  m_DynamicOccludee: 1
  m_MotionVectors: 1
  m_LightProbeUsage: 1
  m_ReflectionProbeUsage: 1
  m_RayTracingMode: 0
  m_RenderingLayerMask: 1
  m_RendererPriority: 0
  m_Materials:
  - {fileID: 2100000, guid: 185ca34253615de44926902d54fb6f1d, type: 2}
  m_StaticBatchInfo:
    firstSubMesh: 0
    subMeshCount: 0
  m_StaticBatchRoot: {fileID: 0}
  m_ProbeAnchor: {fileID: 0}
  m_LightProbeVolumeOverride: {fileID: 0}
  m_ScaleInLightmap: 1
  m_ReceiveGI: 1
  m_PreserveUVs: 0
  m_IgnoreNormalsForChartDetection: 0
  m_ImportantGI: 0
  m_StitchLightmapSeams: 0
  m_SelectedEditorRenderState: 3
  m_MinimumChartSize: 4
  m_AutoUVMaxDistance: 0.5
  m_AutoUVMaxAngle: 89
  m_LightmapParameters: {fileID: 0}
  m_SortingLayerID: 0
  m_SortingLayer: 0
  m_SortingOrder: 0
  serializedVersion: 2
  m_Quality: 0
  m_UpdateWhenOffscreen: 0
  m_SkinnedMotionVectors: 1
  m_Mesh: {fileID: 4300000, guid: c4324fcdc6ce67d4e97e3c807c446974, type: 3}
  m_Bones:
  - {fileID: 2845140744250807477}
  - {fileID: 2845140744250793759}
  - {fileID: 2845140744250759545}
  - {fileID: 2845140744250794431}
  - {fileID: 2845140744250834129}
  - {fileID: 2845140744250835985}
  - {fileID: 2845140744250803585}
  - {fileID: 2845140744250847471}
  - {fileID: 2845140744250836325}
  - {fileID: 2845140744250722569}
  - {fileID: 2845140744250791463}
  - {fileID: 2845140744250777275}
  - {fileID: 2845140744250780841}
  - {fileID: 2845140744250794523}
  - {fileID: 2845140744250815689}
  - {fileID: 2845140744250721517}
  - {fileID: 2845140744250781805}
  - {fileID: 2845140744250815345}
  - {fileID: 2845140744250847511}
  - {fileID: 2845140744250761835}
  - {fileID: 2845140744250764717}
  - {fileID: 2845140744250784939}
  - {fileID: 2845140744250799605}
  - {fileID: 2845140744250840629}
  - {fileID: 2845140744250781321}
  - {fileID: 2845140744250812623}
  - {fileID: 2845140744250722867}
  - {fileID: 2845140744250721549}
  - {fileID: 2845140744250830683}
  - {fileID: 2845140744250754553}
  - {fileID: 2845140744250806429}
  - {fileID: 2845140744250791753}
  - {fileID: 2845140744250786739}
  - {fileID: 2845140744250722853}
  - {fileID: 2845140744250846165}
  - {fileID: 2845140744250759791}
  - {fileID: 2845140744250813179}
  - {fileID: 2845140744250810249}
  - {fileID: 2845140744250757041}
  - {fileID: 2845140744250770751}
  m_BlendShapeWeights: []
  m_RootBone: {fileID: 2845140744250847471}
  m_AABB:
    m_Center: {x: 0, y: -0.8832464, z: 11.784651}
    m_Extent: {x: 5.571748, y: 18.315586, z: 21.710882}
  m_DirtyAABB: 0
--- !u!1 &2845140744250536413
GameObject:
  m_ObjectHideFlags: 0
  m_CorrespondingSourceObject: {fileID: 0}
  m_PrefabInstance: {fileID: 0}
  m_PrefabAsset: {fileID: 0}
  serializedVersion: 6
  m_Component:
  - component: {fileID: 2845140744250806429}
  m_Layer: 0
  m_Name: Horse_Rig_r_FrontLeg_BallSHJnt
  m_TagString: Untagged
  m_Icon: {fileID: 0}
  m_NavMeshLayer: 0
  m_StaticEditorFlags: 0
  m_IsActive: 1
--- !u!4 &2845140744250806429
Transform:
  m_ObjectHideFlags: 0
  m_CorrespondingSourceObject: {fileID: 0}
  m_PrefabInstance: {fileID: 0}
  m_PrefabAsset: {fileID: 0}
  m_GameObject: {fileID: 2845140744250536413}
  m_LocalRotation: {x: -5.9133355e-17, y: 0.7071068, z: 5.9133355e-17, w: 0.7071068}
  m_LocalPosition: {x: -3.8148131, y: -1.7763568e-15, z: 2.3663485}
  m_LocalScale: {x: 1, y: 1, z: 1}
  m_Children:
  - {fileID: 2845140744250833067}
  m_Father: {fileID: 2845140744250754553}
  m_RootOrder: 0
  m_LocalEulerAnglesHint: {x: 0, y: 0, z: 0}
--- !u!1 &2845140744250536939
GameObject:
  m_ObjectHideFlags: 0
  m_CorrespondingSourceObject: {fileID: 0}
  m_PrefabInstance: {fileID: 0}
  m_PrefabAsset: {fileID: 0}
  serializedVersion: 6
  m_Component:
  - component: {fileID: 2845140744250722569}
  m_Layer: 0
  m_Name: Horse_Rig_Spine_02SHJnt
  m_TagString: Untagged
  m_Icon: {fileID: 0}
  m_NavMeshLayer: 0
  m_StaticEditorFlags: 0
  m_IsActive: 1
--- !u!4 &2845140744250722569
Transform:
  m_ObjectHideFlags: 0
  m_CorrespondingSourceObject: {fileID: 0}
  m_PrefabInstance: {fileID: 0}
  m_PrefabAsset: {fileID: 0}
  m_GameObject: {fileID: 2845140744250536939}
  m_LocalRotation: {x: 3.0616168e-17, y: -1.110223e-16, z: -2.4894982e-17, w: 1}
  m_LocalPosition: {x: -5.944889, y: -3.3417115e-16, z: -3.5527137e-15}
  m_LocalScale: {x: 1, y: 1, z: 1}
  m_Children:
  - {fileID: 2845140744250791463}
  m_Father: {fileID: 2845140744250836325}
  m_RootOrder: 0
  m_LocalEulerAnglesHint: {x: 0, y: 0, z: 0}
--- !u!1 &2845140744250537369
GameObject:
  m_ObjectHideFlags: 0
  m_CorrespondingSourceObject: {fileID: 0}
  m_PrefabInstance: {fileID: 0}
  m_PrefabAsset: {fileID: 0}
  serializedVersion: 6
  m_Component:
  - component: {fileID: 2845140744250840629}
  m_Layer: 0
  m_Name: Horse_Rig_l_HindLeg_HipSHJnt
  m_TagString: Untagged
  m_Icon: {fileID: 0}
  m_NavMeshLayer: 0
  m_StaticEditorFlags: 0
  m_IsActive: 1
--- !u!4 &2845140744250840629
Transform:
  m_ObjectHideFlags: 0
  m_CorrespondingSourceObject: {fileID: 0}
  m_PrefabInstance: {fileID: 0}
  m_PrefabAsset: {fileID: 0}
  m_GameObject: {fileID: 2845140744250537369}
  m_LocalRotation: {x: -0.036262073, y: 0.036262073, z: 0.7061764, w: 0.7061764}
  m_LocalPosition: {x: -3.4229164, y: -1, z: -0.098055504}
  m_LocalScale: {x: 1, y: 1, z: 1}
  m_Children:
  - {fileID: 2845140744250781321}
  m_Father: {fileID: 2845140744250847471}
  m_RootOrder: 0
  m_LocalEulerAnglesHint: {x: 0, y: 0, z: 0}
--- !u!1 &2845140744250541517
GameObject:
  m_ObjectHideFlags: 0
  m_CorrespondingSourceObject: {fileID: 0}
  m_PrefabInstance: {fileID: 0}
  m_PrefabAsset: {fileID: 0}
  serializedVersion: 6
  m_Component:
  - component: {fileID: 2845140744250794431}
  m_Layer: 0
  m_Name: Horse_Rig_Neck_01SHJnt
  m_TagString: Untagged
  m_Icon: {fileID: 0}
  m_NavMeshLayer: 0
  m_StaticEditorFlags: 0
  m_IsActive: 1
--- !u!4 &2845140744250794431
Transform:
  m_ObjectHideFlags: 0
  m_CorrespondingSourceObject: {fileID: 0}
  m_PrefabInstance: {fileID: 0}
  m_PrefabAsset: {fileID: 0}
  m_GameObject: {fileID: 2845140744250541517}
  m_LocalRotation: {x: 0.000000010197625, y: -0.4391441, z: 0.0000000072841626, w: 0.89841664}
  m_LocalPosition: {x: 0.1427044, y: -5.633009e-16, z: -4.671603}
  m_LocalScale: {x: 1, y: 1, z: 1}
  m_Children:
  - {fileID: 2845140744250834129}
  m_Father: {fileID: 2845140744250791463}
  m_RootOrder: 1
  m_LocalEulerAnglesHint: {x: 0, y: 0, z: 0}
--- !u!1 &2845140744250548175
GameObject:
  m_ObjectHideFlags: 0
  m_CorrespondingSourceObject: {fileID: 0}
  m_PrefabInstance: {fileID: 0}
  m_PrefabAsset: {fileID: 0}
  serializedVersion: 6
  m_Component:
  - component: {fileID: 2845140744250813179}
  m_Layer: 0
  m_Name: Horse_Rig_r_HindLeg_HipSHJnt
  m_TagString: Untagged
  m_Icon: {fileID: 0}
  m_NavMeshLayer: 0
  m_StaticEditorFlags: 0
  m_IsActive: 1
--- !u!4 &2845140744250813179
Transform:
  m_ObjectHideFlags: 0
  m_CorrespondingSourceObject: {fileID: 0}
  m_PrefabInstance: {fileID: 0}
  m_PrefabAsset: {fileID: 0}
  m_GameObject: {fileID: 2845140744250548175}
  m_LocalRotation: {x: -0.036262073, y: 0.036262073, z: 0.7061764, w: 0.7061764}
  m_LocalPosition: {x: 3.4229164, y: -1, z: -0.098055504}
  m_LocalScale: {x: 1, y: 1, z: 1}
  m_Children:
  - {fileID: 2845140744250810249}
  m_Father: {fileID: 2845140744250847471}
  m_RootOrder: 1
  m_LocalEulerAnglesHint: {x: 0, y: 0, z: 0}
--- !u!1 &2845140744250551579
GameObject:
  m_ObjectHideFlags: 0
  m_CorrespondingSourceObject: {fileID: 0}
  m_PrefabInstance: {fileID: 0}
  m_PrefabAsset: {fileID: 0}
  serializedVersion: 6
  m_Component:
  - component: {fileID: 2845140744250722867}
  m_Layer: 0
  m_Name: Horse_Rig_l_HindLeg_ToeSHJnt
  m_TagString: Untagged
  m_Icon: {fileID: 0}
  m_NavMeshLayer: 0
  m_StaticEditorFlags: 0
  m_IsActive: 1
--- !u!4 &2845140744250722867
Transform:
  m_ObjectHideFlags: 0
  m_CorrespondingSourceObject: {fileID: 0}
  m_PrefabInstance: {fileID: 0}
  m_PrefabAsset: {fileID: 0}
  m_GameObject: {fileID: 2845140744250551579}
  m_LocalRotation: {x: 0, y: 0, z: 0, w: 1}
  m_LocalPosition: {x: -1.5, y: 8.881784e-16, z: -5.3429483e-16}
  m_LocalScale: {x: 1, y: 1, z: 1}
  m_Children: []
  m_Father: {fileID: 2845140744250799605}
  m_RootOrder: 0
  m_LocalEulerAnglesHint: {x: 0, y: 0, z: 0}
--- !u!1 &2845140744250552781
GameObject:
  m_ObjectHideFlags: 0
  m_CorrespondingSourceObject: {fileID: 0}
  m_PrefabInstance: {fileID: 0}
  m_PrefabAsset: {fileID: 0}
  serializedVersion: 6
  m_Component:
  - component: {fileID: 2845140744250764717}
  m_Layer: 0
  m_Name: Horse_Rig_l_FrontLeg_Knee2SHJnt
  m_TagString: Untagged
  m_Icon: {fileID: 0}
  m_NavMeshLayer: 0
  m_StaticEditorFlags: 0
  m_IsActive: 1
--- !u!4 &2845140744250764717
Transform:
  m_ObjectHideFlags: 0
  m_CorrespondingSourceObject: {fileID: 0}
  m_PrefabInstance: {fileID: 0}
  m_PrefabAsset: {fileID: 0}
  m_GameObject: {fileID: 2845140744250552781}
  m_LocalRotation: {x: 9.200536e-19, y: -0.009700643, z: 1.6680795e-16, w: 0.999953}
  m_LocalPosition: {x: -4.4812484, y: -3.1086245e-15, z: 3.5527137e-15}
  m_LocalScale: {x: 1, y: 1, z: 1}
  m_Children:
  - {fileID: 2845140744250781805}
  m_Father: {fileID: 2845140744250761835}
  m_RootOrder: 0
  m_LocalEulerAnglesHint: {x: 0, y: 0, z: 0}
--- !u!1 &2845140744250554759
GameObject:
  m_ObjectHideFlags: 0
  m_CorrespondingSourceObject: {fileID: 0}
  m_PrefabInstance: {fileID: 0}
  m_PrefabAsset: {fileID: 0}
  serializedVersion: 6
  m_Component:
  - component: {fileID: 2845140744250846165}
  m_Layer: 0
  m_Name: Horse_Rig_r_HindLeg_AnkleSHJnt
  m_TagString: Untagged
  m_Icon: {fileID: 0}
  m_NavMeshLayer: 0
  m_StaticEditorFlags: 0
  m_IsActive: 1
--- !u!4 &2845140744250846165
Transform:
  m_ObjectHideFlags: 0
  m_CorrespondingSourceObject: {fileID: 0}
  m_PrefabInstance: {fileID: 0}
  m_PrefabAsset: {fileID: 0}
  m_GameObject: {fileID: 2845140744250554759}
  m_LocalRotation: {x: -5.2588475e-18, y: -0.032063086, z: 1.6896435e-16, w: 0.99948585}
  m_LocalPosition: {x: -5.0231, y: -8.881784e-16, z: -1.7763568e-15}
  m_LocalScale: {x: 1, y: 1, z: 1}
  m_Children:
  - {fileID: 2845140744250759791}
  m_Father: {fileID: 2845140744250757041}
  m_RootOrder: 0
  m_LocalEulerAnglesHint: {x: 0, y: 0, z: 0}
--- !u!1 &2845140744250563835
GameObject:
  m_ObjectHideFlags: 0
  m_CorrespondingSourceObject: {fileID: 0}
  m_PrefabInstance: {fileID: 0}
  m_PrefabAsset: {fileID: 0}
  serializedVersion: 6
  m_Component:
  - component: {fileID: 2845140744250815345}
  m_Layer: 0
  m_Name: Horse_Rig_l_FrontLeg_BallSHJnt
  m_TagString: Untagged
  m_Icon: {fileID: 0}
  m_NavMeshLayer: 0
  m_StaticEditorFlags: 0
  m_IsActive: 1
--- !u!4 &2845140744250815345
Transform:
  m_ObjectHideFlags: 0
  m_CorrespondingSourceObject: {fileID: 0}
  m_PrefabInstance: {fileID: 0}
  m_PrefabAsset: {fileID: 0}
  m_GameObject: {fileID: 2845140744250563835}
  m_LocalRotation: {x: -5.9133355e-17, y: 0.7071068, z: 5.9133355e-17, w: 0.7071068}
  m_LocalPosition: {x: -3.8148131, y: -3.5527137e-15, z: 2.3663485}
  m_LocalScale: {x: 1, y: 1, z: 1}
  m_Children:
  - {fileID: 2845140744250814211}
  m_Father: {fileID: 2845140744250781805}
  m_RootOrder: 0
  m_LocalEulerAnglesHint: {x: 0, y: 0, z: 0}
--- !u!1 &2845140744250568579
GameObject:
  m_ObjectHideFlags: 0
  m_CorrespondingSourceObject: {fileID: 0}
  m_PrefabInstance: {fileID: 0}
  m_PrefabAsset: {fileID: 0}
  serializedVersion: 6
  m_Component:
  - component: {fileID: 2845140744250786739}
  m_Layer: 0
  m_Name: Horse_Rig_r_FrontLeg_Knee1SHJnt
  m_TagString: Untagged
  m_Icon: {fileID: 0}
  m_NavMeshLayer: 0
  m_StaticEditorFlags: 0
  m_IsActive: 1
--- !u!4 &2845140744250786739
Transform:
  m_ObjectHideFlags: 0
  m_CorrespondingSourceObject: {fileID: 0}
  m_PrefabInstance: {fileID: 0}
  m_PrefabAsset: {fileID: 0}
  m_GameObject: {fileID: 2845140744250568579}
  m_LocalRotation: {x: -2.379244e-16, y: 0.017514473, z: -9.961073e-15, w: 0.99984664}
  m_LocalPosition: {x: -5.562775, y: -3.5527137e-15, z: 8.881784e-16}
  m_LocalScale: {x: 1, y: 1, z: 1}
  m_Children:
  - {fileID: 2845140744250722853}
  m_Father: {fileID: 2845140744250791753}
  m_RootOrder: 0
  m_LocalEulerAnglesHint: {x: 0, y: 0, z: 0}
--- !u!1 &2845140744250570371
GameObject:
  m_ObjectHideFlags: 0
  m_CorrespondingSourceObject: {fileID: 0}
  m_PrefabInstance: {fileID: 0}
  m_PrefabAsset: {fileID: 0}
  serializedVersion: 6
  m_Component:
  - component: {fileID: 2845140744250761835}
  m_Layer: 0
  m_Name: Horse_Rig_l_FrontLeg_Knee1SHJnt
  m_TagString: Untagged
  m_Icon: {fileID: 0}
  m_NavMeshLayer: 0
  m_StaticEditorFlags: 0
  m_IsActive: 1
--- !u!4 &2845140744250761835
Transform:
  m_ObjectHideFlags: 0
  m_CorrespondingSourceObject: {fileID: 0}
  m_PrefabInstance: {fileID: 0}
  m_PrefabAsset: {fileID: 0}
  m_GameObject: {fileID: 2845140744250570371}
  m_LocalRotation: {x: -2.379244e-16, y: 0.017514473, z: -9.961073e-15, w: 0.99984664}
  m_LocalPosition: {x: -5.562775, y: -4.8849813e-15, z: 0}
  m_LocalScale: {x: 1, y: 1, z: 1}
  m_Children:
  - {fileID: 2845140744250764717}
  m_Father: {fileID: 2845140744250847511}
  m_RootOrder: 0
  m_LocalEulerAnglesHint: {x: 0, y: 0, z: 0}
--- !u!1 &2845140744250570613
GameObject:
  m_ObjectHideFlags: 0
  m_CorrespondingSourceObject: {fileID: 0}
  m_PrefabInstance: {fileID: 0}
  m_PrefabAsset: {fileID: 0}
  serializedVersion: 6
  m_Component:
  - component: {fileID: 2845140744250843717}
  - component: {fileID: 2845140744260017505}
  - component: {fileID: 2845140743657707212}
  - component: {fileID: 2845140743657707211}
  m_Layer: 0
  m_Name: Black_horse
  m_TagString: Untagged
  m_Icon: {fileID: 0}
  m_NavMeshLayer: 0
  m_StaticEditorFlags: 0
  m_IsActive: 1
--- !u!4 &2845140744250843717
Transform:
  m_ObjectHideFlags: 0
  m_CorrespondingSourceObject: {fileID: 0}
  m_PrefabInstance: {fileID: 0}
  m_PrefabAsset: {fileID: 0}
  m_GameObject: {fileID: 2845140744250570613}
  m_LocalRotation: {x: 0, y: 1, z: 0, w: 0}
  m_LocalPosition: {x: -15, y: 0, z: 20}
  m_LocalScale: {x: 0.1, y: 0.1, z: 0.1}
  m_Children:
  - {fileID: 2845140744250760099}
  - {fileID: 2845140744250768151}
  - {fileID: 2845140744250813987}
  - {fileID: 2845140744250774523}
  - {fileID: 2845140744250756993}
  - {fileID: 2845140744250779829}
  m_Father: {fileID: 0}
  m_RootOrder: 0
  m_LocalEulerAnglesHint: {x: 0, y: 180, z: 0}
--- !u!95 &2845140744260017505
Animator:
  serializedVersion: 3
  m_ObjectHideFlags: 0
  m_CorrespondingSourceObject: {fileID: 0}
  m_PrefabInstance: {fileID: 0}
  m_PrefabAsset: {fileID: 0}
  m_GameObject: {fileID: 2845140744250570613}
  m_Enabled: 1
  m_Avatar: {fileID: 9000000, guid: c4324fcdc6ce67d4e97e3c807c446974, type: 3}
  m_Controller: {fileID: 9100000, guid: 8d09d925d62f9924488c35d1fc609194, type: 2}
  m_CullingMode: 1
  m_UpdateMode: 0
  m_ApplyRootMotion: 0
  m_LinearVelocityBlending: 0
  m_WarningMessage: 
  m_HasTransformHierarchy: 1
  m_AllowConstantClipSamplingOptimization: 1
  m_KeepAnimatorControllerStateOnDisable: 0
--- !u!114 &2845140743657707212
MonoBehaviour:
  m_ObjectHideFlags: 0
  m_CorrespondingSourceObject: {fileID: 0}
  m_PrefabInstance: {fileID: 0}
  m_PrefabAsset: {fileID: 0}
  m_GameObject: {fileID: 2845140744250570613}
  m_Enabled: 1
  m_EditorHideFlags: 0
  m_Script: {fileID: 11500000, guid: 85c2bba7e5ff740458326f9a0a74173d, type: 3}
  m_Name: 
  m_EditorClassIdentifier: 
  speed: 5
--- !u!114 &2845140743657707211
MonoBehaviour:
  m_ObjectHideFlags: 0
  m_CorrespondingSourceObject: {fileID: 0}
  m_PrefabInstance: {fileID: 0}
  m_PrefabAsset: {fileID: 0}
  m_GameObject: {fileID: 2845140744250570613}
  m_Enabled: 1
  m_EditorHideFlags: 0
  m_Script: {fileID: 11500000, guid: 87939f85266d6824c8fee359f3727eb9, type: 3}
  m_Name: 
  m_EditorClassIdentifier: 
  TopBound: 30
  LowerBound: -14
--- !u!1 &2845140744250573115
GameObject:
  m_ObjectHideFlags: 0
  m_CorrespondingSourceObject: {fileID: 0}
  m_PrefabInstance: {fileID: 0}
  m_PrefabAsset: {fileID: 0}
  serializedVersion: 6
  m_Component:
  - component: {fileID: 2845140744250810249}
  m_Layer: 0
  m_Name: Horse_Rig_r_HindLeg_Knee1SHJnt
  m_TagString: Untagged
  m_Icon: {fileID: 0}
  m_NavMeshLayer: 0
  m_StaticEditorFlags: 0
  m_IsActive: 1
--- !u!4 &2845140744250810249
Transform:
  m_ObjectHideFlags: 0
  m_CorrespondingSourceObject: {fileID: 0}
  m_PrefabInstance: {fileID: 0}
  m_PrefabAsset: {fileID: 0}
  m_GameObject: {fileID: 2845140744250573115}
  m_LocalRotation: {x: 2.5588687e-17, y: -0.21154374, z: 2.2573833e-16, w: 0.97736853}
  m_LocalPosition: {x: -4.4487576, y: -1.3322676e-15, z: -8.881784e-16}
  m_LocalScale: {x: 1, y: 1, z: 1}
  m_Children:
  - {fileID: 2845140744250757041}
  m_Father: {fileID: 2845140744250813179}
  m_RootOrder: 0
  m_LocalEulerAnglesHint: {x: 0, y: 0, z: 0}
--- !u!1 &2845140744250574041
GameObject:
  m_ObjectHideFlags: 0
  m_CorrespondingSourceObject: {fileID: 0}
  m_PrefabInstance: {fileID: 0}
  m_PrefabAsset: {fileID: 0}
  serializedVersion: 6
  m_Component:
  - component: {fileID: 2845140744250847511}
  m_Layer: 0
  m_Name: Horse_Rig_l_FrontLeg_HipSHJnt
  m_TagString: Untagged
  m_Icon: {fileID: 0}
  m_NavMeshLayer: 0
  m_StaticEditorFlags: 0
  m_IsActive: 1
--- !u!4 &2845140744250847511
Transform:
  m_ObjectHideFlags: 0
  m_CorrespondingSourceObject: {fileID: 0}
  m_PrefabInstance: {fileID: 0}
  m_PrefabAsset: {fileID: 0}
  m_GameObject: {fileID: 2845140744250574041}
  m_LocalRotation: {x: -0.48958543, y: 0.48958543, z: 0.51020205, w: 0.51020205}
  m_LocalPosition: {x: -2.462134, y: 3.5527137e-15, z: -0.11213278}
  m_LocalScale: {x: 1, y: 1, z: 1}
  m_Children:
  - {fileID: 2845140744250761835}
  m_Father: {fileID: 2845140744250815689}
  m_RootOrder: 0
  m_LocalEulerAnglesHint: {x: 0, y: 0, z: 0}
--- !u!1 &2845140744250577601
GameObject:
  m_ObjectHideFlags: 0
  m_CorrespondingSourceObject: {fileID: 0}
  m_PrefabInstance: {fileID: 0}
  m_PrefabAsset: {fileID: 0}
  serializedVersion: 6
  m_Component:
  - component: {fileID: 2845140744250721517}
  m_Layer: 0
  m_Name: Horse_Rig_l_Eye_01SHJnt
  m_TagString: Untagged
  m_Icon: {fileID: 0}
  m_NavMeshLayer: 0
  m_StaticEditorFlags: 0
  m_IsActive: 1
--- !u!4 &2845140744250721517
Transform:
  m_ObjectHideFlags: 0
  m_CorrespondingSourceObject: {fileID: 0}
  m_PrefabInstance: {fileID: 0}
  m_PrefabAsset: {fileID: 0}
  m_GameObject: {fileID: 2845140744250577601}
  m_LocalRotation: {x: 0.07033598, y: 0.07033598, z: -0.70359993, w: 0.70359993}
  m_LocalPosition: {x: -1.807144, y: 0.23072052, z: 1.2304938}
  m_LocalScale: {x: 1, y: 1, z: 1}
  m_Children: []
  m_Father: {fileID: 2845140744250759545}
  m_RootOrder: 0
  m_LocalEulerAnglesHint: {x: 0, y: 0, z: 0}
--- !u!1 &2845140744250579093
GameObject:
  m_ObjectHideFlags: 0
  m_CorrespondingSourceObject: {fileID: 0}
  m_PrefabInstance: {fileID: 0}
  m_PrefabAsset: {fileID: 0}
  serializedVersion: 6
  m_Component:
  - component: {fileID: 2845140744250722853}
  m_Layer: 0
  m_Name: Horse_Rig_r_FrontLeg_Knee2SHJnt
  m_TagString: Untagged
  m_Icon: {fileID: 0}
  m_NavMeshLayer: 0
  m_StaticEditorFlags: 0
  m_IsActive: 1
--- !u!4 &2845140744250722853
Transform:
  m_ObjectHideFlags: 0
  m_CorrespondingSourceObject: {fileID: 0}
  m_PrefabInstance: {fileID: 0}
  m_PrefabAsset: {fileID: 0}
  m_GameObject: {fileID: 2845140744250579093}
  m_LocalRotation: {x: 9.200536e-19, y: -0.009700643, z: 1.6680795e-16, w: 0.999953}
  m_LocalPosition: {x: -4.4812484, y: -4.8849813e-15, z: 8.881784e-16}
  m_LocalScale: {x: 1, y: 1, z: 1}
  m_Children:
  - {fileID: 2845140744250754553}
  m_Father: {fileID: 2845140744250786739}
  m_RootOrder: 0
  m_LocalEulerAnglesHint: {x: 0, y: 0, z: 0}
--- !u!1 &2845140744250580187
GameObject:
  m_ObjectHideFlags: 0
  m_CorrespondingSourceObject: {fileID: 0}
  m_PrefabInstance: {fileID: 0}
  m_PrefabAsset: {fileID: 0}
  serializedVersion: 6
  m_Component:
  - component: {fileID: 2845140744250799605}
  m_Layer: 0
  m_Name: Horse_Rig_l_HindLeg_BallSHJnt
  m_TagString: Untagged
  m_Icon: {fileID: 0}
  m_NavMeshLayer: 0
  m_StaticEditorFlags: 0
  m_IsActive: 1
--- !u!4 &2845140744250799605
Transform:
  m_ObjectHideFlags: 0
  m_CorrespondingSourceObject: {fileID: 0}
  m_PrefabInstance: {fileID: 0}
  m_PrefabAsset: {fileID: 0}
  m_GameObject: {fileID: 2845140744250580187}
  m_LocalRotation: {x: -6.040389e-17, y: 0.7071068, z: 6.040389e-17, w: 0.7071068}
  m_LocalPosition: {x: -4.003157, y: -3.5527137e-15, z: 2.241153}
  m_LocalScale: {x: 1, y: 1, z: 1}
  m_Children:
  - {fileID: 2845140744250722867}
  m_Father: {fileID: 2845140744250784939}
  m_RootOrder: 0
  m_LocalEulerAnglesHint: {x: 0, y: 0, z: 0}
--- !u!1 &2845140744250581327
GameObject:
  m_ObjectHideFlags: 0
  m_CorrespondingSourceObject: {fileID: 0}
  m_PrefabInstance: {fileID: 0}
  m_PrefabAsset: {fileID: 0}
  serializedVersion: 6
  m_Component:
  - component: {fileID: 2845140744250777275}
  m_Layer: 0
  m_Name: Horse_Rig_Tail_01SHJnt
  m_TagString: Untagged
  m_Icon: {fileID: 0}
  m_NavMeshLayer: 0
  m_StaticEditorFlags: 0
  m_IsActive: 1
--- !u!4 &2845140744250777275
Transform:
  m_ObjectHideFlags: 0
  m_CorrespondingSourceObject: {fileID: 0}
  m_PrefabInstance: {fileID: 0}
  m_PrefabAsset: {fileID: 0}
  m_GameObject: {fileID: 2845140744250581327}
  m_LocalRotation: {x: 0.25810713, y: -0.25810713, z: 0.65831655, w: 0.65831655}
  m_LocalPosition: {x: -2.9125463e-17, y: 5.339036, z: -3.9458208}
  m_LocalScale: {x: 1, y: 1, z: 1}
  m_Children:
  - {fileID: 2845140744250780841}
  m_Father: {fileID: 2845140744250847471}
  m_RootOrder: 3
  m_LocalEulerAnglesHint: {x: 0, y: 0, z: 0}
--- !u!1 &2845140744250582017
GameObject:
  m_ObjectHideFlags: 0
  m_CorrespondingSourceObject: {fileID: 0}
  m_PrefabInstance: {fileID: 0}
  m_PrefabAsset: {fileID: 0}
  serializedVersion: 6
  m_Component:
  - component: {fileID: 2845140744250803585}
  m_Layer: 0
  m_Name: Horse_Rig_Neck_TopSHJnt
  m_TagString: Untagged
  m_Icon: {fileID: 0}
  m_NavMeshLayer: 0
  m_StaticEditorFlags: 0
  m_IsActive: 1
--- !u!4 &2845140744250803585
Transform:
  m_ObjectHideFlags: 0
  m_CorrespondingSourceObject: {fileID: 0}
  m_PrefabInstance: {fileID: 0}
  m_PrefabAsset: {fileID: 0}
  m_GameObject: {fileID: 2845140744250582017}
  m_LocalRotation: {x: -1.3028775e-16, y: -0.32475477, z: 4.7888285e-17, w: 0.9457983}
  m_LocalPosition: {x: -2.0873055, y: -1.4309768e-15, z: 2.3870935}
  m_LocalScale: {x: 1, y: 1, z: 1}
  m_Children:
  - {fileID: 2845140744250793759}
  - {fileID: 2845140744250759545}
  m_Father: {fileID: 2845140744250835985}
  m_RootOrder: 0
  m_LocalEulerAnglesHint: {x: 0, y: 0, z: 0}
--- !u!1 &2845140744250583995
GameObject:
  m_ObjectHideFlags: 0
  m_CorrespondingSourceObject: {fileID: 0}
  m_PrefabInstance: {fileID: 0}
  m_PrefabAsset: {fileID: 0}
  serializedVersion: 6
  m_Component:
  - component: {fileID: 2845140744250780841}
  m_Layer: 0
  m_Name: Horse_Rig_Tail_02SHJnt
  m_TagString: Untagged
  m_Icon: {fileID: 0}
  m_NavMeshLayer: 0
  m_StaticEditorFlags: 0
  m_IsActive: 1
--- !u!4 &2845140744250780841
Transform:
  m_ObjectHideFlags: 0
  m_CorrespondingSourceObject: {fileID: 0}
  m_PrefabInstance: {fileID: 0}
  m_PrefabAsset: {fileID: 0}
  m_GameObject: {fileID: 2845140744250583995}
  m_LocalRotation: {x: -0.000000007726977, y: 0.33105695, z: 0.000000056092865, w: 0.9436108}
  m_LocalPosition: {x: -8.146892, y: -3.8550125e-15, z: 1.1355981}
  m_LocalScale: {x: 1, y: 1, z: 1}
  m_Children:
  - {fileID: 2845140744250794523}
  m_Father: {fileID: 2845140744250777275}
  m_RootOrder: 0
  m_LocalEulerAnglesHint: {x: 0, y: 0, z: 0}
--- !u!1 &2845140744250586913
GameObject:
  m_ObjectHideFlags: 0
  m_CorrespondingSourceObject: {fileID: 0}
  m_PrefabInstance: {fileID: 0}
  m_PrefabAsset: {fileID: 0}
  serializedVersion: 6
  m_Component:
  - component: {fileID: 2845140744250770751}
  m_Layer: 0
  m_Name: Horse_Rig_r_HindLeg_ToeSHJnt
  m_TagString: Untagged
  m_Icon: {fileID: 0}
  m_NavMeshLayer: 0
  m_StaticEditorFlags: 0
  m_IsActive: 1
--- !u!4 &2845140744250770751
Transform:
  m_ObjectHideFlags: 0
  m_CorrespondingSourceObject: {fileID: 0}
  m_PrefabInstance: {fileID: 0}
  m_PrefabAsset: {fileID: 0}
  m_GameObject: {fileID: 2845140744250586913}
  m_LocalRotation: {x: 0, y: 0, z: 0, w: 1}
  m_LocalPosition: {x: -1.5, y: 8.881784e-16, z: 2.1302404e-15}
  m_LocalScale: {x: 1, y: 1, z: 1}
  m_Children: []
  m_Father: {fileID: 2845140744250759791}
  m_RootOrder: 0
  m_LocalEulerAnglesHint: {x: 0, y: 0, z: 0}
--- !u!1 &2845140744250587367
GameObject:
  m_ObjectHideFlags: 0
  m_CorrespondingSourceObject: {fileID: 0}
  m_PrefabInstance: {fileID: 0}
  m_PrefabAsset: {fileID: 0}
  serializedVersion: 6
  m_Component:
  - component: {fileID: 2845140744250793759}
  m_Layer: 0
  m_Name: Horse_Rig_Head_JawSHJnt
  m_TagString: Untagged
  m_Icon: {fileID: 0}
  m_NavMeshLayer: 0
  m_StaticEditorFlags: 0
  m_IsActive: 1
--- !u!4 &2845140744250793759
Transform:
  m_ObjectHideFlags: 0
  m_CorrespondingSourceObject: {fileID: 0}
  m_PrefabInstance: {fileID: 0}
  m_PrefabAsset: {fileID: 0}
  m_GameObject: {fileID: 2845140744250587367}
  m_LocalRotation: {x: 0, y: 0, z: 0.7071068, w: 0.7071068}
  m_LocalPosition: {x: 1.3237349, y: -1.918662e-15, z: 1.3826935}
  m_LocalScale: {x: 1, y: 1, z: 1}
  m_Children:
  - {fileID: 2845140744250807477}
  m_Father: {fileID: 2845140744250803585}
  m_RootOrder: 0
  m_LocalEulerAnglesHint: {x: 0, y: 0, z: 0}
--- !u!1 &2845140744250588123
GameObject:
  m_ObjectHideFlags: 0
  m_CorrespondingSourceObject: {fileID: 0}
  m_PrefabInstance: {fileID: 0}
  m_PrefabAsset: {fileID: 0}
  serializedVersion: 6
  m_Component:
  - component: {fileID: 2845140744250791753}
  m_Layer: 0
  m_Name: Horse_Rig_r_FrontLeg_HipSHJnt
  m_TagString: Untagged
  m_Icon: {fileID: 0}
  m_NavMeshLayer: 0
  m_StaticEditorFlags: 0
  m_IsActive: 1
--- !u!4 &2845140744250791753
Transform:
  m_ObjectHideFlags: 0
  m_CorrespondingSourceObject: {fileID: 0}
  m_PrefabInstance: {fileID: 0}
  m_PrefabAsset: {fileID: 0}
  m_GameObject: {fileID: 2845140744250588123}
  m_LocalRotation: {x: -0.48958543, y: 0.48958543, z: 0.51020205, w: 0.51020205}
  m_LocalPosition: {x: 2.462134, y: 3.5527137e-15, z: -0.11213278}
  m_LocalScale: {x: 1, y: 1, z: 1}
  m_Children:
  - {fileID: 2845140744250786739}
  m_Father: {fileID: 2845140744250721549}
  m_RootOrder: 0
  m_LocalEulerAnglesHint: {x: 0, y: 0, z: 0}
