%YAML 1.1
%TAG !u! tag:unity3d.com,2011:
--- !u!1 &846978839264625607
GameObject:
  m_ObjectHideFlags: 0
  m_CorrespondingSourceObject: {fileID: 0}
  m_PrefabInstance: {fileID: 0}
  m_PrefabAsset: {fileID: 0}
  serializedVersion: 6
  m_Component:
  - component: {fileID: 846978839264458857}
  - component: {fileID: 846978839261717089}
  m_Layer: 0
  m_Name: SA_Animals_Rooster_Brown
  m_TagString: Untagged
  m_Icon: {fileID: 0}
  m_NavMeshLayer: 0
  m_StaticEditorFlags: 0
  m_IsActive: 0
--- !u!4 &846978839264458857
Transform:
  m_ObjectHideFlags: 0
  m_CorrespondingSourceObject: {fileID: 0}
  m_PrefabInstance: {fileID: 0}
  m_PrefabAsset: {fileID: 0}
  m_GameObject: {fileID: 846978839264625607}
  m_LocalRotation: {x: 0, y: 0, z: 0, w: 1}
  m_LocalPosition: {x: 0, y: 0, z: 0}
  m_LocalScale: {x: 1, y: 1, z: 1}
  m_Children: []
  m_Father: {fileID: 846978839264430769}
  m_RootOrder: 7
  m_LocalEulerAnglesHint: {x: 0, y: 0, z: 0}
--- !u!137 &846978839261717089
SkinnedMeshRenderer:
  m_ObjectHideFlags: 0
  m_CorrespondingSourceObject: {fileID: 0}
  m_PrefabInstance: {fileID: 0}
  m_PrefabAsset: {fileID: 0}
  m_GameObject: {fileID: 846978839264625607}
  m_Enabled: 1
  m_CastShadows: 1
  m_ReceiveShadows: 1
  m_DynamicOccludee: 1
  m_MotionVectors: 1
  m_LightProbeUsage: 1
  m_ReflectionProbeUsage: 1
  m_RayTracingMode: 0
  m_RenderingLayerMask: 1
  m_RendererPriority: 0
  m_Materials:
  - {fileID: 2100000, guid: 185ca34253615de44926902d54fb6f1d, type: 2}
  m_StaticBatchInfo:
    firstSubMesh: 0
    subMeshCount: 0
  m_StaticBatchRoot: {fileID: 0}
  m_ProbeAnchor: {fileID: 0}
  m_LightProbeVolumeOverride: {fileID: 0}
  m_ScaleInLightmap: 1
  m_ReceiveGI: 1
  m_PreserveUVs: 0
  m_IgnoreNormalsForChartDetection: 0
  m_ImportantGI: 0
  m_StitchLightmapSeams: 0
  m_SelectedEditorRenderState: 3
  m_MinimumChartSize: 4
  m_AutoUVMaxDistance: 0.5
  m_AutoUVMaxAngle: 89
  m_LightmapParameters: {fileID: 0}
  m_SortingLayerID: 0
  m_SortingLayer: 0
  m_SortingOrder: 0
  serializedVersion: 2
  m_Quality: 0
  m_UpdateWhenOffscreen: 0
  m_SkinnedMotionVectors: 1
  m_Mesh: {fileID: 4300014, guid: 693459689483f9e4aa5a1a6e8b37269e, type: 3}
  m_Bones:
  - {fileID: 846978839264392489}
  - {fileID: 846978839264404925}
  - {fileID: 846978839264412941}
  - {fileID: 846978839264479711}
  - {fileID: 846978839264433037}
  - {fileID: 846978839264437533}
  - {fileID: 846978839264411265}
  - {fileID: 846978839264403513}
  - {fileID: 846978839264448029}
  - {fileID: 846978839264451915}
  - {fileID: 846978839264416287}
  - {fileID: 846978839264448495}
  - {fileID: 846978839264397825}
  - {fileID: 846978839264434433}
  - {fileID: 846978839264434943}
  - {fileID: 846978839264448959}
  - {fileID: 846978839264451611}
  - {fileID: 846978839264401709}
  m_BlendShapeWeights: []
  m_RootBone: {fileID: 846978839264392489}
  m_AABB:
    m_Center: {x: 0.000000834465, y: 0.15565968, z: -1.2086902}
    m_Extent: {x: 3.9085298, y: 8.830184, z: 11.8865185}
  m_DirtyAABB: 0
--- !u!1 &846978839264625919
GameObject:
  m_ObjectHideFlags: 0
  m_CorrespondingSourceObject: {fileID: 0}
  m_PrefabInstance: {fileID: 0}
  m_PrefabAsset: {fileID: 0}
  serializedVersion: 6
  m_Component:
  - component: {fileID: 846978839264448029}
  m_Layer: 0
  m_Name: ChickenRig_r_Leg_AnkleSHJnt
  m_TagString: Untagged
  m_Icon: {fileID: 0}
  m_NavMeshLayer: 0
  m_StaticEditorFlags: 0
  m_IsActive: 1
--- !u!4 &846978839264448029
Transform:
  m_ObjectHideFlags: 0
  m_CorrespondingSourceObject: {fileID: 0}
  m_PrefabInstance: {fileID: 0}
  m_PrefabAsset: {fileID: 0}
  m_GameObject: {fileID: 846978839264625919}
  m_LocalRotation: {x: -4.5376058e-17, y: -0.16560988, z: 2.7723597e-16, w: 0.9861914}
  m_LocalPosition: {x: -1.9307255, y: -2.220446e-15, z: 1.6098234e-15}
  m_LocalScale: {x: 1, y: 1, z: 1}
  m_Children:
  - {fileID: 846978839264451915}
  m_Father: {fileID: 846978839264403513}
  m_RootOrder: 0
  m_LocalEulerAnglesHint: {x: 0, y: 0, z: 0}
--- !u!1 &846978839264632079
GameObject:
  m_ObjectHideFlags: 0
  m_CorrespondingSourceObject: {fileID: 0}
  m_PrefabInstance: {fileID: 0}
  m_PrefabAsset: {fileID: 0}
  serializedVersion: 6
  m_Component:
  - component: {fileID: 846978839264392489}
  m_Layer: 0
  m_Name: ChickenRig_ROOTSHJnt
  m_TagString: Untagged
  m_Icon: {fileID: 0}
  m_NavMeshLayer: 0
  m_StaticEditorFlags: 0
  m_IsActive: 1
--- !u!4 &846978839264392489
Transform:
  m_ObjectHideFlags: 0
  m_CorrespondingSourceObject: {fileID: 0}
  m_PrefabInstance: {fileID: 0}
  m_PrefabAsset: {fileID: 0}
  m_GameObject: {fileID: 846978839264632079}
  m_LocalRotation: {x: 0, y: 0, z: 0, w: 1}
  m_LocalPosition: {x: 3.9443045e-31, y: 8.674513, z: 0}
  m_LocalScale: {x: 1, y: 1, z: 1}
  m_Children:
  - {fileID: 846978839264404925}
  - {fileID: 846978839264434943}
  - {fileID: 846978839264411265}
  - {fileID: 846978839264448495}
  m_Father: {fileID: 846978839264404567}
  m_RootOrder: 0
  m_LocalEulerAnglesHint: {x: 0, y: 0, z: 0}
--- !u!1 &846978839264639029
GameObject:
  m_ObjectHideFlags: 0
  m_CorrespondingSourceObject: {fileID: 0}
  m_PrefabInstance: {fileID: 0}
  m_PrefabAsset: {fileID: 0}
  serializedVersion: 6
  m_Component:
  - component: {fileID: 846978839264401709}
  m_Layer: 0
  m_Name: ChickenRig_Head_TopSHJnt
  m_TagString: Untagged
  m_Icon: {fileID: 0}
  m_NavMeshLayer: 0
  m_StaticEditorFlags: 0
  m_IsActive: 1
--- !u!4 &846978839264401709
Transform:
  m_ObjectHideFlags: 0
  m_CorrespondingSourceObject: {fileID: 0}
  m_PrefabInstance: {fileID: 0}
  m_PrefabAsset: {fileID: 0}
  m_GameObject: {fileID: 846978839264639029}
  m_LocalRotation: {x: 0.23603657, y: 0.23603657, z: 0.6665484, w: 0.6665484}
  m_LocalPosition: {x: -2.6386588, y: 2.5525467e-17, z: 2.0072029}
  m_LocalScale: {x: 1, y: 1, z: 1}
  m_Children: []
  m_Father: {fileID: 846978839264451611}
  m_RootOrder: 0
  m_LocalEulerAnglesHint: {x: 0, y: 0, z: 0}
--- !u!1 &846978839264645369
GameObject:
  m_ObjectHideFlags: 0
  m_CorrespondingSourceObject: {fileID: 0}
  m_PrefabInstance: {fileID: 0}
  m_PrefabAsset: {fileID: 0}
  serializedVersion: 6
  m_Component:
  - component: {fileID: 846978839264482583}
  - component: {fileID: 846978839261717923}
  m_Layer: 0
  m_Name: SA_Animals_Duck_White
  m_TagString: Untagged
  m_Icon: {fileID: 0}
  m_NavMeshLayer: 0
  m_StaticEditorFlags: 0
  m_IsActive: 0
--- !u!4 &846978839264482583
Transform:
  m_ObjectHideFlags: 0
  m_CorrespondingSourceObject: {fileID: 0}
  m_PrefabInstance: {fileID: 0}
  m_PrefabAsset: {fileID: 0}
  m_GameObject: {fileID: 846978839264645369}
  m_LocalRotation: {x: 0, y: 0, z: 0, w: 1}
  m_LocalPosition: {x: -0, y: 0, z: 1.3877788e-17}
  m_LocalScale: {x: 1, y: 1, z: 1}
  m_Children: []
  m_Father: {fileID: 846978839264430769}
  m_RootOrder: 5
  m_LocalEulerAnglesHint: {x: 0, y: 0, z: 0}
--- !u!137 &846978839261717923
SkinnedMeshRenderer:
  m_ObjectHideFlags: 0
  m_CorrespondingSourceObject: {fileID: 0}
  m_PrefabInstance: {fileID: 0}
  m_PrefabAsset: {fileID: 0}
  m_GameObject: {fileID: 846978839264645369}
  m_Enabled: 1
  m_CastShadows: 1
  m_ReceiveShadows: 1
  m_DynamicOccludee: 1
  m_MotionVectors: 1
  m_LightProbeUsage: 1
  m_ReflectionProbeUsage: 1
  m_RayTracingMode: 0
  m_RenderingLayerMask: 1
  m_RendererPriority: 0
  m_Materials:
  - {fileID: 2100000, guid: 185ca34253615de44926902d54fb6f1d, type: 2}
  m_StaticBatchInfo:
    firstSubMesh: 0
    subMeshCount: 0
  m_StaticBatchRoot: {fileID: 0}
  m_ProbeAnchor: {fileID: 0}
  m_LightProbeVolumeOverride: {fileID: 0}
  m_ScaleInLightmap: 1
  m_ReceiveGI: 1
  m_PreserveUVs: 0
  m_IgnoreNormalsForChartDetection: 0
  m_ImportantGI: 0
  m_StitchLightmapSeams: 0
  m_SelectedEditorRenderState: 3
  m_MinimumChartSize: 4
  m_AutoUVMaxDistance: 0.5
  m_AutoUVMaxAngle: 89
  m_LightmapParameters: {fileID: 0}
  m_SortingLayerID: 0
  m_SortingLayer: 0
  m_SortingOrder: 0
  serializedVersion: 2
  m_Quality: 0
  m_UpdateWhenOffscreen: 0
  m_SkinnedMotionVectors: 1
  m_Mesh: {fileID: 4300016, guid: 693459689483f9e4aa5a1a6e8b37269e, type: 3}
  m_Bones:
  - {fileID: 846978839264392489}
  - {fileID: 846978839264404925}
  - {fileID: 846978839264412941}
  - {fileID: 846978839264479711}
  - {fileID: 846978839264433037}
  - {fileID: 846978839264437533}
  - {fileID: 846978839264411265}
  - {fileID: 846978839264403513}
  - {fileID: 846978839264448029}
  - {fileID: 846978839264451915}
  - {fileID: 846978839264416287}
  - {fileID: 846978839264448495}
  - {fileID: 846978839264397825}
  - {fileID: 846978839264434433}
  - {fileID: 846978839264434943}
  - {fileID: 846978839264448959}
  - {fileID: 846978839264451611}
  - {fileID: 846978839264401709}
  m_BlendShapeWeights: []
  m_RootBone: {fileID: 846978839264392489}
  m_AABB:
    m_Center: {x: 0.0000010728836, y: -0.12952518, z: 0.18748903}
    m_Extent: {x: 3.582819, y: 8.544999, z: 10.672686}
  m_DirtyAABB: 0
--- !u!1 &846978839264647989
GameObject:
  m_ObjectHideFlags: 0
  m_CorrespondingSourceObject: {fileID: 0}
  m_PrefabInstance: {fileID: 0}
  m_PrefabAsset: {fileID: 0}
  serializedVersion: 6
  m_Component:
  - component: {fileID: 846978839264412941}
  m_Layer: 0
  m_Name: ChickenRig_l_Leg_KneeSHJnt
  m_TagString: Untagged
  m_Icon: {fileID: 0}
  m_NavMeshLayer: 0
  m_StaticEditorFlags: 0
  m_IsActive: 1
--- !u!4 &846978839264412941
Transform:
  m_ObjectHideFlags: 0
  m_CorrespondingSourceObject: {fileID: 0}
  m_PrefabInstance: {fileID: 0}
  m_PrefabAsset: {fileID: 0}
  m_GameObject: {fileID: 846978839264647989}
  m_LocalRotation: {x: -3.1401596e-17, y: 0.23628971, z: 3.318758e-16, w: 0.97168267}
  m_LocalPosition: {x: -5.1322007, y: -3.5527137e-15, z: -1.110223e-15}
  m_LocalScale: {x: 1, y: 1, z: 1}
  m_Children:
  - {fileID: 846978839264479711}
  m_Father: {fileID: 846978839264404925}
  m_RootOrder: 0
  m_LocalEulerAnglesHint: {x: 0, y: 0, z: 0}
--- !u!1 &846978839264649703
GameObject:
  m_ObjectHideFlags: 0
  m_CorrespondingSourceObject: {fileID: 0}
  m_PrefabInstance: {fileID: 0}
  m_PrefabAsset: {fileID: 0}
  serializedVersion: 6
  m_Component:
  - component: {fileID: 846978839264437533}
  m_Layer: 0
  m_Name: ChickenRig_l_Leg_ToeSHJnt
  m_TagString: Untagged
  m_Icon: {fileID: 0}
  m_NavMeshLayer: 0
  m_StaticEditorFlags: 0
  m_IsActive: 1
--- !u!4 &846978839264437533
Transform:
  m_ObjectHideFlags: 0
  m_CorrespondingSourceObject: {fileID: 0}
  m_PrefabInstance: {fileID: 0}
  m_PrefabAsset: {fileID: 0}
  m_GameObject: {fileID: 846978839264649703}
  m_LocalRotation: {x: 0, y: 0, z: 0, w: 1}
  m_LocalPosition: {x: -3.311258, y: 0, z: 8.4626935e-16}
  m_LocalScale: {x: 1, y: 1, z: 1}
  m_Children: []
  m_Father: {fileID: 846978839264433037}
  m_RootOrder: 0
  m_LocalEulerAnglesHint: {x: 0, y: 0, z: 0}
--- !u!1 &846978839264650303
GameObject:
  m_ObjectHideFlags: 0
  m_CorrespondingSourceObject: {fileID: 0}
  m_PrefabInstance: {fileID: 0}
  m_PrefabAsset: {fileID: 0}
  serializedVersion: 6
  m_Component:
  - component: {fileID: 846978839264454269}
  - component: {fileID: 846978839261686677}
  m_Layer: 0
  m_Name: SA_Animals_Duck_Green
  m_TagString: Untagged
  m_Icon: {fileID: 0}
  m_NavMeshLayer: 0
  m_StaticEditorFlags: 0
  m_IsActive: 0
--- !u!4 &846978839264454269
Transform:
  m_ObjectHideFlags: 0
  m_CorrespondingSourceObject: {fileID: 0}
  m_PrefabInstance: {fileID: 0}
  m_PrefabAsset: {fileID: 0}
  m_GameObject: {fileID: 846978839264650303}
  m_LocalRotation: {x: 0, y: 0, z: 0, w: 1}
  m_LocalPosition: {x: -0, y: 0, z: 1.3877788e-17}
  m_LocalScale: {x: 1, y: 1, z: 1}
  m_Children: []
  m_Father: {fileID: 846978839264430769}
  m_RootOrder: 4
  m_LocalEulerAnglesHint: {x: 0, y: 0, z: 0}
--- !u!137 &846978839261686677
SkinnedMeshRenderer:
  m_ObjectHideFlags: 0
  m_CorrespondingSourceObject: {fileID: 0}
  m_PrefabInstance: {fileID: 0}
  m_PrefabAsset: {fileID: 0}
  m_GameObject: {fileID: 846978839264650303}
  m_Enabled: 1
  m_CastShadows: 1
  m_ReceiveShadows: 1
  m_DynamicOccludee: 1
  m_MotionVectors: 1
  m_LightProbeUsage: 1
  m_ReflectionProbeUsage: 1
  m_RayTracingMode: 0
  m_RenderingLayerMask: 1
  m_RendererPriority: 0
  m_Materials:
  - {fileID: 2100000, guid: 185ca34253615de44926902d54fb6f1d, type: 2}
  m_StaticBatchInfo:
    firstSubMesh: 0
    subMeshCount: 0
  m_StaticBatchRoot: {fileID: 0}
  m_ProbeAnchor: {fileID: 0}
  m_LightProbeVolumeOverride: {fileID: 0}
  m_ScaleInLightmap: 1
  m_ReceiveGI: 1
  m_PreserveUVs: 0
  m_IgnoreNormalsForChartDetection: 0
  m_ImportantGI: 0
  m_StitchLightmapSeams: 0
  m_SelectedEditorRenderState: 3
  m_MinimumChartSize: 4
  m_AutoUVMaxDistance: 0.5
  m_AutoUVMaxAngle: 89
  m_LightmapParameters: {fileID: 0}
  m_SortingLayerID: 0
  m_SortingLayer: 0
  m_SortingOrder: 0
  serializedVersion: 2
  m_Quality: 0
  m_UpdateWhenOffscreen: 0
  m_SkinnedMotionVectors: 1
  m_Mesh: {fileID: 4300010, guid: 693459689483f9e4aa5a1a6e8b37269e, type: 3}
  m_Bones:
  - {fileID: 846978839264392489}
  - {fileID: 846978839264404925}
  - {fileID: 846978839264412941}
  - {fileID: 846978839264479711}
  - {fileID: 846978839264433037}
  - {fileID: 846978839264437533}
  - {fileID: 846978839264411265}
  - {fileID: 846978839264403513}
  - {fileID: 846978839264448029}
  - {fileID: 846978839264451915}
  - {fileID: 846978839264416287}
  - {fileID: 846978839264448495}
  - {fileID: 846978839264397825}
  - {fileID: 846978839264434433}
  - {fileID: 846978839264434943}
  - {fileID: 846978839264448959}
  - {fileID: 846978839264451611}
  - {fileID: 846978839264401709}
  m_BlendShapeWeights: []
  m_RootBone: {fileID: 846978839264392489}
  m_AABB:
    m_Center: {x: 0.0000010728836, y: -0.12952518, z: 0.18748903}
    m_Extent: {x: 3.582819, y: 8.544999, z: 10.672686}
  m_DirtyAABB: 0
--- !u!1 &846978839264655057
GameObject:
  m_ObjectHideFlags: 0
  m_CorrespondingSourceObject: {fileID: 0}
  m_PrefabInstance: {fileID: 0}
  m_PrefabAsset: {fileID: 0}
  serializedVersion: 6
  m_Component:
  - component: {fileID: 846978839264416287}
  m_Layer: 0
  m_Name: ChickenRig_r_Leg_ToeSHJnt
  m_TagString: Untagged
  m_Icon: {fileID: 0}
  m_NavMeshLayer: 0
  m_StaticEditorFlags: 0
  m_IsActive: 1
--- !u!4 &846978839264416287
Transform:
  m_ObjectHideFlags: 0
  m_CorrespondingSourceObject: {fileID: 0}
  m_PrefabInstance: {fileID: 0}
  m_PrefabAsset: {fileID: 0}
  m_GameObject: {fileID: 846978839264655057}
  m_LocalRotation: {x: 0, y: 0, z: 0, w: 1}
  m_LocalPosition: {x: -3.311258, y: -4.440892e-16, z: 7.3524556e-16}
  m_LocalScale: {x: 1, y: 1, z: 1}
  m_Children: []
  m_Father: {fileID: 846978839264451915}
  m_RootOrder: 0
  m_LocalEulerAnglesHint: {x: 0, y: 0, z: 0}
--- !u!1 &846978839264658501
GameObject:
  m_ObjectHideFlags: 0
  m_CorrespondingSourceObject: {fileID: 0}
  m_PrefabInstance: {fileID: 0}
  m_PrefabAsset: {fileID: 0}
  serializedVersion: 6
  m_Component:
  - component: {fileID: 846978839264403513}
  m_Layer: 0
  m_Name: ChickenRig_r_Leg_KneeSHJnt
  m_TagString: Untagged
  m_Icon: {fileID: 0}
  m_NavMeshLayer: 0
  m_StaticEditorFlags: 0
  m_IsActive: 1
--- !u!4 &846978839264403513
Transform:
  m_ObjectHideFlags: 0
  m_CorrespondingSourceObject: {fileID: 0}
  m_PrefabInstance: {fileID: 0}
  m_PrefabAsset: {fileID: 0}
  m_GameObject: {fileID: 846978839264658501}
  m_LocalRotation: {x: -3.1401596e-17, y: 0.23628971, z: 3.318758e-16, w: 0.97168267}
  m_LocalPosition: {x: -5.1322007, y: -4.8849813e-15, z: -1.7763568e-15}
  m_LocalScale: {x: 1, y: 1, z: 1}
  m_Children:
  - {fileID: 846978839264448029}
  m_Father: {fileID: 846978839264411265}
  m_RootOrder: 0
  m_LocalEulerAnglesHint: {x: 0, y: 0, z: 0}
--- !u!1 &846978839264658539
GameObject:
  m_ObjectHideFlags: 0
  m_CorrespondingSourceObject: {fileID: 0}
  m_PrefabInstance: {fileID: 0}
  m_PrefabAsset: {fileID: 0}
  serializedVersion: 6
  m_Component:
  - component: {fileID: 846978839264451915}
  m_Layer: 0
  m_Name: ChickenRig_r_Leg_BallSHJnt
  m_TagString: Untagged
  m_Icon: {fileID: 0}
  m_NavMeshLayer: 0
  m_StaticEditorFlags: 0
  m_IsActive: 1
--- !u!4 &846978839264451915
Transform:
  m_ObjectHideFlags: 0
  m_CorrespondingSourceObject: {fileID: 0}
  m_PrefabInstance: {fileID: 0}
  m_PrefabAsset: {fileID: 0}
  m_GameObject: {fileID: 846978839264658539}
  m_LocalRotation: {x: -1.3976352e-16, y: 0.70710593, z: 1.3976385e-16, w: 0.7071076}
  m_LocalPosition: {x: -0.7708588, y: -4.440892e-16, z: -1.2108787}
  m_LocalScale: {x: 1, y: 1, z: 1}
  m_Children:
  - {fileID: 846978839264416287}
  m_Father: {fileID: 846978839264448029}
  m_RootOrder: 0
  m_LocalEulerAnglesHint: {x: 0, y: 0, z: 0}
--- !u!1 &846978839264664243
GameObject:
  m_ObjectHideFlags: 0
  m_CorrespondingSourceObject: {fileID: 0}
  m_PrefabInstance: {fileID: 0}
  m_PrefabAsset: {fileID: 0}
  serializedVersion: 6
  m_Component:
  - component: {fileID: 846978839264433037}
  m_Layer: 0
  m_Name: ChickenRig_l_Leg_BallSHJnt
  m_TagString: Untagged
  m_Icon: {fileID: 0}
  m_NavMeshLayer: 0
  m_StaticEditorFlags: 0
  m_IsActive: 1
--- !u!4 &846978839264433037
Transform:
  m_ObjectHideFlags: 0
  m_CorrespondingSourceObject: {fileID: 0}
  m_PrefabInstance: {fileID: 0}
  m_PrefabAsset: {fileID: 0}
  m_GameObject: {fileID: 846978839264664243}
  m_LocalRotation: {x: -1.3976352e-16, y: 0.70710593, z: 1.3976385e-16, w: 0.7071076}
  m_LocalPosition: {x: -0.7708588, y: -1.7763568e-15, z: -1.2108787}
  m_LocalScale: {x: 1, y: 1, z: 1}
  m_Children:
  - {fileID: 846978839264437533}
  m_Father: {fileID: 846978839264479711}
  m_RootOrder: 0
  m_LocalEulerAnglesHint: {x: 0, y: 0, z: 0}
--- !u!1 &846978839264666941
GameObject:
  m_ObjectHideFlags: 0
  m_CorrespondingSourceObject: {fileID: 0}
  m_PrefabInstance: {fileID: 0}
  m_PrefabAsset: {fileID: 0}
  serializedVersion: 6
  m_Component:
  - component: {fileID: 846978839264404567}
  m_Layer: 0
  m_Name: ChickenRig_SHJntGrp
  m_TagString: Untagged
  m_Icon: {fileID: 0}
  m_NavMeshLayer: 0
  m_StaticEditorFlags: 0
  m_IsActive: 1
--- !u!4 &846978839264404567
Transform:
  m_ObjectHideFlags: 0
  m_CorrespondingSourceObject: {fileID: 0}
  m_PrefabInstance: {fileID: 0}
  m_PrefabAsset: {fileID: 0}
  m_GameObject: {fileID: 846978839264666941}
  m_LocalRotation: {x: 0, y: 0, z: 0, w: 1}
  m_LocalPosition: {x: 0, y: 0, z: 0}
  m_LocalScale: {x: 1, y: 1, z: 1}
  m_Children:
  - {fileID: 846978839264392489}
  m_Father: {fileID: 846978839264430769}
  m_RootOrder: 0
  m_LocalEulerAnglesHint: {x: 0, y: 0, z: 0}
--- !u!1 &846978839264673979
GameObject:
  m_ObjectHideFlags: 0
  m_CorrespondingSourceObject: {fileID: 0}
  m_PrefabInstance: {fileID: 0}
  m_PrefabAsset: {fileID: 0}
  serializedVersion: 6
  m_Component:
  - component: {fileID: 846978839264451611}
  m_Layer: 0
  m_Name: ChickenRig_Neck_TopSHJnt
  m_TagString: Untagged
  m_Icon: {fileID: 0}
  m_NavMeshLayer: 0
  m_StaticEditorFlags: 0
  m_IsActive: 1
--- !u!4 &846978839264451611
Transform:
  m_ObjectHideFlags: 0
  m_CorrespondingSourceObject: {fileID: 0}
  m_PrefabInstance: {fileID: 0}
  m_PrefabAsset: {fileID: 0}
  m_GameObject: {fileID: 846978839264673979}
  m_LocalRotation: {x: 0.000000007778089, y: 0.031995818, z: -0.0000000147626285,
    w: 0.99948806}
  m_LocalPosition: {x: -0.8270235, y: 6.131754e-17, z: 0.13593663}
  m_LocalScale: {x: 1, y: 1, z: 1}
  m_Children:
  - {fileID: 846978839264401709}
  m_Father: {fileID: 846978839264448959}
  m_RootOrder: 0
  m_LocalEulerAnglesHint: {x: 0, y: 0, z: 0}
--- !u!1 &846978839264673995
GameObject:
  m_ObjectHideFlags: 0
  m_CorrespondingSourceObject: {fileID: 0}
  m_PrefabInstance: {fileID: 0}
  m_PrefabAsset: {fileID: 0}
  serializedVersion: 6
  m_Component:
  - component: {fileID: 846978839264394115}
  - component: {fileID: 846978839261720575}
  m_Layer: 0
  m_Name: SA_Animals_Rooster_Black
  m_TagString: Untagged
  m_Icon: {fileID: 0}
  m_NavMeshLayer: 0
  m_StaticEditorFlags: 0
  m_IsActive: 0
--- !u!4 &846978839264394115
Transform:
  m_ObjectHideFlags: 0
  m_CorrespondingSourceObject: {fileID: 0}
  m_PrefabInstance: {fileID: 0}
  m_PrefabAsset: {fileID: 0}
  m_GameObject: {fileID: 846978839264673995}
  m_LocalRotation: {x: 0, y: 0, z: 0, w: 1}
  m_LocalPosition: {x: 0, y: 0, z: 0}
  m_LocalScale: {x: 1, y: 1, z: 1}
  m_Children: []
  m_Father: {fileID: 846978839264430769}
  m_RootOrder: 6
  m_LocalEulerAnglesHint: {x: 0, y: 0, z: 0}
--- !u!137 &846978839261720575
SkinnedMeshRenderer:
  m_ObjectHideFlags: 0
  m_CorrespondingSourceObject: {fileID: 0}
  m_PrefabInstance: {fileID: 0}
  m_PrefabAsset: {fileID: 0}
  m_GameObject: {fileID: 846978839264673995}
  m_Enabled: 1
  m_CastShadows: 1
  m_ReceiveShadows: 1
  m_DynamicOccludee: 1
  m_MotionVectors: 1
  m_LightProbeUsage: 1
  m_ReflectionProbeUsage: 1
  m_RayTracingMode: 0
  m_RenderingLayerMask: 1
  m_RendererPriority: 0
  m_Materials:
  - {fileID: 2100000, guid: 185ca34253615de44926902d54fb6f1d, type: 2}
  m_StaticBatchInfo:
    firstSubMesh: 0
    subMeshCount: 0
  m_StaticBatchRoot: {fileID: 0}
  m_ProbeAnchor: {fileID: 0}
  m_LightProbeVolumeOverride: {fileID: 0}
  m_ScaleInLightmap: 1
  m_ReceiveGI: 1
  m_PreserveUVs: 0
  m_IgnoreNormalsForChartDetection: 0
  m_ImportantGI: 0
  m_StitchLightmapSeams: 0
  m_SelectedEditorRenderState: 3
  m_MinimumChartSize: 4
  m_AutoUVMaxDistance: 0.5
  m_AutoUVMaxAngle: 89
  m_LightmapParameters: {fileID: 0}
  m_SortingLayerID: 0
  m_SortingLayer: 0
  m_SortingOrder: 0
  serializedVersion: 2
  m_Quality: 0
  m_UpdateWhenOffscreen: 0
  m_SkinnedMotionVectors: 1
  m_Mesh: {fileID: 4300012, guid: 693459689483f9e4aa5a1a6e8b37269e, type: 3}
  m_Bones:
  - {fileID: 846978839264392489}
  - {fileID: 846978839264404925}
  - {fileID: 846978839264412941}
  - {fileID: 846978839264479711}
  - {fileID: 846978839264433037}
  - {fileID: 846978839264437533}
  - {fileID: 846978839264411265}
  - {fileID: 846978839264403513}
  - {fileID: 846978839264448029}
  - {fileID: 846978839264451915}
  - {fileID: 846978839264416287}
  - {fileID: 846978839264448495}
  - {fileID: 846978839264397825}
  - {fileID: 846978839264434433}
  - {fileID: 846978839264434943}
  - {fileID: 846978839264448959}
  - {fileID: 846978839264451611}
  - {fileID: 846978839264401709}
  m_BlendShapeWeights: []
  m_RootBone: {fileID: 846978839264392489}
  m_AABB:
    m_Center: {x: 0.000000834465, y: 0.15565968, z: -1.2086902}
    m_Extent: {x: 3.9085298, y: 8.830184, z: 11.8865185}
  m_DirtyAABB: 0
--- !u!1 &846978839264674043
GameObject:
  m_ObjectHideFlags: 0
  m_CorrespondingSourceObject: {fileID: 0}
  m_PrefabInstance: {fileID: 0}
  m_PrefabAsset: {fileID: 0}
  serializedVersion: 6
  m_Component:
  - component: {fileID: 846978839264397825}
  m_Layer: 0
  m_Name: ChickenRig_Tail_02SHJnt
  m_TagString: Untagged
  m_Icon: {fileID: 0}
  m_NavMeshLayer: 0
  m_StaticEditorFlags: 0
  m_IsActive: 1
--- !u!4 &846978839264397825
Transform:
  m_ObjectHideFlags: 0
  m_CorrespondingSourceObject: {fileID: 0}
  m_PrefabInstance: {fileID: 0}
  m_PrefabAsset: {fileID: 0}
  m_GameObject: {fileID: 846978839264674043}
  m_LocalRotation: {x: -0.000000015175871, y: 1.7490539e-17, z: -5.635957e-17, w: 1}
  m_LocalPosition: {x: -3.7524085, y: -1.182207e-16, z: 5.3290705e-15}
  m_LocalScale: {x: 1, y: 1, z: 1}
  m_Children:
  - {fileID: 846978839264434433}
  m_Father: {fileID: 846978839264448495}
  m_RootOrder: 0
  m_LocalEulerAnglesHint: {x: 0, y: 0, z: 0}
--- !u!1 &846978839264677515
GameObject:
  m_ObjectHideFlags: 0
  m_CorrespondingSourceObject: {fileID: 0}
  m_PrefabInstance: {fileID: 0}
  m_PrefabAsset: {fileID: 0}
  serializedVersion: 6
  m_Component:
  - component: {fileID: 846978839264479711}
  m_Layer: 0
  m_Name: ChickenRig_l_Leg_AnkleSHJnt
  m_TagString: Untagged
  m_Icon: {fileID: 0}
  m_NavMeshLayer: 0
  m_StaticEditorFlags: 0
  m_IsActive: 1
--- !u!4 &846978839264479711
Transform:
  m_ObjectHideFlags: 0
  m_CorrespondingSourceObject: {fileID: 0}
  m_PrefabInstance: {fileID: 0}
  m_PrefabAsset: {fileID: 0}
  m_GameObject: {fileID: 846978839264677515}
  m_LocalRotation: {x: -4.5376058e-17, y: -0.16560988, z: 2.7723597e-16, w: 0.9861914}
  m_LocalPosition: {x: -1.9307255, y: -8.881784e-16, z: 9.436896e-16}
  m_LocalScale: {x: 1, y: 1, z: 1}
  m_Children:
  - {fileID: 846978839264433037}
  m_Father: {fileID: 846978839264412941}
  m_RootOrder: 0
  m_LocalEulerAnglesHint: {x: 0, y: 0, z: 0}
--- !u!1 &846978839264682183
GameObject:
  m_ObjectHideFlags: 0
  m_CorrespondingSourceObject: {fileID: 0}
  m_PrefabInstance: {fileID: 0}
  m_PrefabAsset: {fileID: 0}
  serializedVersion: 6
  m_Component:
  - component: {fileID: 846978839264487925}
  - component: {fileID: 846978839261481593}
  m_Layer: 0
  m_Name: SA_Animals_Duck_Brown
  m_TagString: Untagged
  m_Icon: {fileID: 0}
  m_NavMeshLayer: 0
  m_StaticEditorFlags: 0
  m_IsActive: 0
--- !u!4 &846978839264487925
Transform:
  m_ObjectHideFlags: 0
  m_CorrespondingSourceObject: {fileID: 0}
  m_PrefabInstance: {fileID: 0}
  m_PrefabAsset: {fileID: 0}
  m_GameObject: {fileID: 846978839264682183}
  m_LocalRotation: {x: 0, y: 0, z: 0, w: 1}
  m_LocalPosition: {x: -0, y: 0, z: 1.3877788e-17}
  m_LocalScale: {x: 1, y: 1, z: 1}
  m_Children: []
  m_Father: {fileID: 846978839264430769}
  m_RootOrder: 3
  m_LocalEulerAnglesHint: {x: 0, y: 0, z: 0}
--- !u!137 &846978839261481593
SkinnedMeshRenderer:
  m_ObjectHideFlags: 0
  m_CorrespondingSourceObject: {fileID: 0}
  m_PrefabInstance: {fileID: 0}
  m_PrefabAsset: {fileID: 0}
  m_GameObject: {fileID: 846978839264682183}
  m_Enabled: 1
  m_CastShadows: 1
  m_ReceiveShadows: 1
  m_DynamicOccludee: 1
  m_MotionVectors: 1
  m_LightProbeUsage: 1
  m_ReflectionProbeUsage: 1
  m_RayTracingMode: 0
  m_RenderingLayerMask: 1
  m_RendererPriority: 0
  m_Materials:
  - {fileID: 2100000, guid: 185ca34253615de44926902d54fb6f1d, type: 2}
  m_StaticBatchInfo:
    firstSubMesh: 0
    subMeshCount: 0
  m_StaticBatchRoot: {fileID: 0}
  m_ProbeAnchor: {fileID: 0}
  m_LightProbeVolumeOverride: {fileID: 0}
  m_ScaleInLightmap: 1
  m_ReceiveGI: 1
  m_PreserveUVs: 0
  m_IgnoreNormalsForChartDetection: 0
  m_ImportantGI: 0
  m_StitchLightmapSeams: 0
  m_SelectedEditorRenderState: 3
  m_MinimumChartSize: 4
  m_AutoUVMaxDistance: 0.5
  m_AutoUVMaxAngle: 89
  m_LightmapParameters: {fileID: 0}
  m_SortingLayerID: 0
  m_SortingLayer: 0
  m_SortingOrder: 0
  serializedVersion: 2
  m_Quality: 0
  m_UpdateWhenOffscreen: 0
  m_SkinnedMotionVectors: 1
  m_Mesh: {fileID: 4300018, guid: 693459689483f9e4aa5a1a6e8b37269e, type: 3}
  m_Bones:
  - {fileID: 846978839264392489}
  - {fileID: 846978839264404925}
  - {fileID: 846978839264412941}
  - {fileID: 846978839264479711}
  - {fileID: 846978839264433037}
  - {fileID: 846978839264437533}
  - {fileID: 846978839264411265}
  - {fileID: 846978839264403513}
  - {fileID: 846978839264448029}
  - {fileID: 846978839264451915}
  - {fileID: 846978839264416287}
  - {fileID: 846978839264448495}
  - {fileID: 846978839264397825}
  - {fileID: 846978839264434433}
  - {fileID: 846978839264434943}
  - {fileID: 846978839264448959}
  - {fileID: 846978839264451611}
  - {fileID: 846978839264401709}
  m_BlendShapeWeights: []
  m_RootBone: {fileID: 846978839264392489}
  m_AABB:
    m_Center: {x: 0.0000010728836, y: -0.12952518, z: 0.18748903}
    m_Extent: {x: 3.582819, y: 8.544999, z: 10.672686}
  m_DirtyAABB: 0
--- !u!1 &846978839264684115
GameObject:
  m_ObjectHideFlags: 0
  m_CorrespondingSourceObject: {fileID: 0}
  m_PrefabInstance: {fileID: 0}
  m_PrefabAsset: {fileID: 0}
  serializedVersion: 6
  m_Component:
  - component: {fileID: 846978839264404925}
  m_Layer: 0
  m_Name: ChickenRig_l_Leg_HipSHJnt
  m_TagString: Untagged
  m_Icon: {fileID: 0}
  m_NavMeshLayer: 0
  m_StaticEditorFlags: 0
  m_IsActive: 1
--- !u!4 &846978839264404925
Transform:
  m_ObjectHideFlags: 0
  m_CorrespondingSourceObject: {fileID: 0}
  m_PrefabInstance: {fileID: 0}
  m_PrefabAsset: {fileID: 0}
  m_GameObject: {fileID: 846978839264684115}
  m_LocalRotation: {x: 0.050986156, y: -0.050986156, z: 0.70526624, w: 0.70526624}
  m_LocalPosition: {x: -2.6059952, y: -1, z: 0}
  m_LocalScale: {x: 1, y: 1, z: 1}
  m_Children:
  - {fileID: 846978839264412941}
  m_Father: {fileID: 846978839264392489}
  m_RootOrder: 0
  m_LocalEulerAnglesHint: {x: 0, y: 0, z: 0}
--- !u!1 &846978839264686915
GameObject:
  m_ObjectHideFlags: 0
  m_CorrespondingSourceObject: {fileID: 0}
  m_PrefabInstance: {fileID: 0}
  m_PrefabAsset: {fileID: 0}
  serializedVersion: 6
  m_Component:
  - component: {fileID: 846978839264448495}
  m_Layer: 0
  m_Name: ChickenRig_Tail_01SHJnt
  m_TagString: Untagged
  m_Icon: {fileID: 0}
  m_NavMeshLayer: 0
  m_StaticEditorFlags: 0
  m_IsActive: 1
--- !u!4 &846978839264448495
Transform:
  m_ObjectHideFlags: 0
  m_CorrespondingSourceObject: {fileID: 0}
  m_PrefabInstance: {fileID: 0}
  m_PrefabAsset: {fileID: 0}
  m_GameObject: {fileID: 846978839264686915}
  m_LocalRotation: {x: -0.34519395, y: -0.34519395, z: -0.61712325, w: 0.61712325}
  m_LocalPosition: {x: -6.409495e-31, y: -0.02001302, z: -4.4535894}
  m_LocalScale: {x: 1, y: 1, z: 1}
  m_Children:
  - {fileID: 846978839264397825}
  m_Father: {fileID: 846978839264392489}
  m_RootOrder: 3
  m_LocalEulerAnglesHint: {x: 0, y: 0, z: 0}
--- !u!1 &846978839264689667
GameObject:
  m_ObjectHideFlags: 0
  m_CorrespondingSourceObject: {fileID: 0}
  m_PrefabInstance: {fileID: 0}
  m_PrefabAsset: {fileID: 0}
  serializedVersion: 6
  m_Component:
  - component: {fileID: 846978839264434433}
  m_Layer: 0
  m_Name: ChickenRig_Tail_TopSHJnt
  m_TagString: Untagged
  m_Icon: {fileID: 0}
  m_NavMeshLayer: 0
  m_StaticEditorFlags: 0
  m_IsActive: 1
--- !u!4 &846978839264434433
Transform:
  m_ObjectHideFlags: 0
  m_CorrespondingSourceObject: {fileID: 0}
  m_PrefabInstance: {fileID: 0}
  m_PrefabAsset: {fileID: 0}
  m_GameObject: {fileID: 846978839264689667}
  m_LocalRotation: {x: -0.000000015175871, y: 2.6443736e-16, z: -1.2535582e-16, w: 1}
  m_LocalPosition: {x: -0.5316775, y: 1.182207e-16, z: 8.881784e-16}
  m_LocalScale: {x: 1, y: 1, z: 1}
  m_Children: []
  m_Father: {fileID: 846978839264397825}
  m_RootOrder: 0
  m_LocalEulerAnglesHint: {x: 0, y: 0, z: 0}
--- !u!1 &846978839264690131
GameObject:
  m_ObjectHideFlags: 0
  m_CorrespondingSourceObject: {fileID: 0}
  m_PrefabInstance: {fileID: 0}
  m_PrefabAsset: {fileID: 0}
  serializedVersion: 6
  m_Component:
  - component: {fileID: 846978839264387817}
  - component: {fileID: 846978839261733659}
  m_Layer: 0
  m_Name: SA_Animals_Chicken_White
  m_TagString: Untagged
  m_Icon: {fileID: 0}
  m_NavMeshLayer: 0
  m_StaticEditorFlags: 0
  m_IsActive: 1
--- !u!4 &846978839264387817
Transform:
  m_ObjectHideFlags: 0
  m_CorrespondingSourceObject: {fileID: 0}
  m_PrefabInstance: {fileID: 0}
  m_PrefabAsset: {fileID: 0}
  m_GameObject: {fileID: 846978839264690131}
  m_LocalRotation: {x: 0, y: 0, z: 0, w: 1}
  m_LocalPosition: {x: 0, y: 0, z: 0}
  m_LocalScale: {x: 1, y: 1, z: 1}
  m_Children: []
  m_Father: {fileID: 846978839264430769}
  m_RootOrder: 2
  m_LocalEulerAnglesHint: {x: 0, y: 0, z: 0}
--- !u!137 &846978839261733659
SkinnedMeshRenderer:
  m_ObjectHideFlags: 0
  m_CorrespondingSourceObject: {fileID: 0}
  m_PrefabInstance: {fileID: 0}
  m_PrefabAsset: {fileID: 0}
  m_GameObject: {fileID: 846978839264690131}
  m_Enabled: 1
  m_CastShadows: 1
  m_ReceiveShadows: 1
  m_DynamicOccludee: 1
  m_MotionVectors: 1
  m_LightProbeUsage: 1
  m_ReflectionProbeUsage: 1
  m_RayTracingMode: 0
  m_RenderingLayerMask: 1
  m_RendererPriority: 0
  m_Materials:
  - {fileID: 2100000, guid: 185ca34253615de44926902d54fb6f1d, type: 2}
  m_StaticBatchInfo:
    firstSubMesh: 0
    subMeshCount: 0
  m_StaticBatchRoot: {fileID: 0}
  m_ProbeAnchor: {fileID: 0}
  m_LightProbeVolumeOverride: {fileID: 0}
  m_ScaleInLightmap: 1
  m_ReceiveGI: 1
  m_PreserveUVs: 0
  m_IgnoreNormalsForChartDetection: 0
  m_ImportantGI: 0
  m_StitchLightmapSeams: 0
  m_SelectedEditorRenderState: 3
  m_MinimumChartSize: 4
  m_AutoUVMaxDistance: 0.5
  m_AutoUVMaxAngle: 89
  m_LightmapParameters: {fileID: 0}
  m_SortingLayerID: 0
  m_SortingLayer: 0
  m_SortingOrder: 0
  serializedVersion: 2
  m_Quality: 0
  m_UpdateWhenOffscreen: 0
  m_SkinnedMotionVectors: 1
  m_Mesh: {fileID: 4300008, guid: 693459689483f9e4aa5a1a6e8b37269e, type: 3}
  m_Bones:
  - {fileID: 846978839264392489}
  - {fileID: 846978839264404925}
  - {fileID: 846978839264412941}
  - {fileID: 846978839264479711}
  - {fileID: 846978839264433037}
  - {fileID: 846978839264437533}
  - {fileID: 846978839264411265}
  - {fileID: 846978839264403513}
  - {fileID: 846978839264448029}
  - {fileID: 846978839264451915}
  - {fileID: 846978839264416287}
  - {fileID: 846978839264448495}
  - {fileID: 846978839264397825}
  - {fileID: 846978839264434433}
  - {fileID: 846978839264434943}
  - {fileID: 846978839264448959}
  - {fileID: 846978839264451611}
  - {fileID: 846978839264401709}
  m_BlendShapeWeights: []
  m_RootBone: {fileID: 846978839264392489}
  m_AABB:
    m_Center: {x: 0.0000009536743, y: -0.07978153, z: 1.2678552}
    m_Extent: {x: 3.9085295, y: 8.594743, z: 10.12587}
  m_DirtyAABB: 0
--- !u!1 &846978839264709711
GameObject:
  m_ObjectHideFlags: 0
  m_CorrespondingSourceObject: {fileID: 0}
  m_PrefabInstance: {fileID: 0}
  m_PrefabAsset: {fileID: 0}
  serializedVersion: 6
  m_Component:
  - component: {fileID: 846978839264448959}
  m_Layer: 0
  m_Name: ChickenRig_Neck_02SHJnt
  m_TagString: Untagged
  m_Icon: {fileID: 0}
  m_NavMeshLayer: 0
  m_StaticEditorFlags: 0
  m_IsActive: 1
--- !u!4 &846978839264448959
Transform:
  m_ObjectHideFlags: 0
  m_CorrespondingSourceObject: {fileID: 0}
  m_PrefabInstance: {fileID: 0}
  m_PrefabAsset: {fileID: 0}
  m_GameObject: {fileID: 846978839264709711}
  m_LocalRotation: {x: -0.000000016397705, y: -1.1409464e-16, z: -1.3311496e-16, w: 1}
  m_LocalPosition: {x: -4.8343353, y: 6.0385965e-17, z: -0.084391795}
  m_LocalScale: {x: 1, y: 1, z: 1}
  m_Children:
  - {fileID: 846978839264451611}
  m_Father: {fileID: 846978839264434943}
  m_RootOrder: 0
  m_LocalEulerAnglesHint: {x: 0, y: 0, z: 0}
--- !u!1 &846978839264861415
GameObject:
  m_ObjectHideFlags: 0
  m_CorrespondingSourceObject: {fileID: 0}
  m_PrefabInstance: {fileID: 0}
  m_PrefabAsset: {fileID: 0}
  serializedVersion: 6
  m_Component:
  - component: {fileID: 846978839264430769}
  - component: {fileID: 846978839257528299}
  - component: {fileID: 846978839059173599}
  - component: {fileID: 846978839059173598}
  m_Layer: 0
  m_Name: Chicken
  m_TagString: Untagged
  m_Icon: {fileID: 0}
  m_NavMeshLayer: 0
  m_StaticEditorFlags: 0
  m_IsActive: 1
--- !u!4 &846978839264430769
Transform:
  m_ObjectHideFlags: 0
  m_CorrespondingSourceObject: {fileID: 0}
  m_PrefabInstance: {fileID: 0}
  m_PrefabAsset: {fileID: 0}
  m_GameObject: {fileID: 846978839264861415}
  m_LocalRotation: {x: 0, y: 1, z: 0, w: 0}
  m_LocalPosition: {x: 0, y: 0, z: 20}
  m_LocalScale: {x: 0.09, y: 0.09, z: 0.09}
  m_Children:
  - {fileID: 846978839264404567}
  - {fileID: 846978839264480725}
  - {fileID: 846978839264387817}
  - {fileID: 846978839264487925}
  - {fileID: 846978839264454269}
  - {fileID: 846978839264482583}
  - {fileID: 846978839264394115}
  - {fileID: 846978839264458857}
  m_Father: {fileID: 0}
  m_RootOrder: 0
  m_LocalEulerAnglesHint: {x: 0, y: 180, z: 0}
--- !u!95 &846978839257528299
Animator:
  serializedVersion: 3
  m_ObjectHideFlags: 0
  m_CorrespondingSourceObject: {fileID: 0}
  m_PrefabInstance: {fileID: 0}
  m_PrefabAsset: {fileID: 0}
  m_GameObject: {fileID: 846978839264861415}
  m_Enabled: 1
  m_Avatar: {fileID: 9000000, guid: 693459689483f9e4aa5a1a6e8b37269e, type: 3}
  m_Controller: {fileID: 9100000, guid: 89ce2bbff124d224986dcf79ae85990c, type: 2}
  m_CullingMode: 1
  m_UpdateMode: 0
  m_ApplyRootMotion: 0
  m_LinearVelocityBlending: 0
  m_WarningMessage: 
  m_HasTransformHierarchy: 1
  m_AllowConstantClipSamplingOptimization: 1
  m_KeepAnimatorControllerStateOnDisable: 0
--- !u!114 &846978839059173599
MonoBehaviour:
  m_ObjectHideFlags: 0
  m_CorrespondingSourceObject: {fileID: 0}
  m_PrefabInstance: {fileID: 0}
  m_PrefabAsset: {fileID: 0}
  m_GameObject: {fileID: 846978839264861415}
  m_Enabled: 1
  m_EditorHideFlags: 0
  m_Script: {fileID: 11500000, guid: 85c2bba7e5ff740458326f9a0a74173d, type: 3}
  m_Name: 
  m_EditorClassIdentifier: 
  speed: 5
--- !u!114 &846978839059173598
MonoBehaviour:
  m_ObjectHideFlags: 0
  m_CorrespondingSourceObject: {fileID: 0}
  m_PrefabInstance: {fileID: 0}
  m_PrefabAsset: {fileID: 0}
  m_GameObject: {fileID: 846978839264861415}
  m_Enabled: 1
  m_EditorHideFlags: 0
  m_Script: {fileID: 11500000, guid: 87939f85266d6824c8fee359f3727eb9, type: 3}
  m_Name: 
  m_EditorClassIdentifier: 
  TopBound: 30
  LowerBound: -14
--- !u!1 &846978839264868237
GameObject:
  m_ObjectHideFlags: 0
  m_CorrespondingSourceObject: {fileID: 0}
  m_PrefabInstance: {fileID: 0}
  m_PrefabAsset: {fileID: 0}
  serializedVersion: 6
  m_Component:
  - component: {fileID: 846978839264434943}
  m_Layer: 0
  m_Name: ChickenRig_Neck_01SHJnt
  m_TagString: Untagged
  m_Icon: {fileID: 0}
  m_NavMeshLayer: 0
  m_StaticEditorFlags: 0
  m_IsActive: 1
--- !u!4 &846978839264434943
Transform:
  m_ObjectHideFlags: 0
  m_CorrespondingSourceObject: {fileID: 0}
  m_PrefabInstance: {fileID: 0}
  m_PrefabAsset: {fileID: 0}
  m_GameObject: {fileID: 846978839264868237}
  m_LocalRotation: {x: 0.2675802, y: 0.2675802, z: -0.6545234, w: 0.6545234}
  m_LocalPosition: {x: -5.570128e-17, y: 1.4617336, z: 3.083654}
  m_LocalScale: {x: 1, y: 1, z: 1}
  m_Children:
  - {fileID: 846978839264448959}
  m_Father: {fileID: 846978839264392489}
  m_RootOrder: 1
  m_LocalEulerAnglesHint: {x: 0, y: 0, z: 0}
--- !u!1 &846978839264882013
GameObject:
  m_ObjectHideFlags: 0
  m_CorrespondingSourceObject: {fileID: 0}
  m_PrefabInstance: {fileID: 0}
  m_PrefabAsset: {fileID: 0}
  serializedVersion: 6
  m_Component:
  - component: {fileID: 846978839264480725}
  - component: {fileID: 846978839261740173}
  m_Layer: 0
  m_Name: SA_Animals_Chicken_Brown
  m_TagString: Untagged
  m_Icon: {fileID: 0}
  m_NavMeshLayer: 0
  m_StaticEditorFlags: 0
  m_IsActive: 0
--- !u!4 &846978839264480725
Transform:
  m_ObjectHideFlags: 0
  m_CorrespondingSourceObject: {fileID: 0}
  m_PrefabInstance: {fileID: 0}
  m_PrefabAsset: {fileID: 0}
  m_GameObject: {fileID: 846978839264882013}
  m_LocalRotation: {x: 0, y: 0, z: 0, w: 1}
  m_LocalPosition: {x: 0, y: 0, z: 0}
  m_LocalScale: {x: 1, y: 1, z: 1}
  m_Children: []
  m_Father: {fileID: 846978839264430769}
  m_RootOrder: 1
  m_LocalEulerAnglesHint: {x: 0, y: 0, z: 0}
--- !u!137 &846978839261740173
SkinnedMeshRenderer:
  m_ObjectHideFlags: 0
  m_CorrespondingSourceObject: {fileID: 0}
  m_PrefabInstance: {fileID: 0}
  m_PrefabAsset: {fileID: 0}
  m_GameObject: {fileID: 846978839264882013}
  m_Enabled: 1
  m_CastShadows: 1
  m_ReceiveShadows: 1
  m_DynamicOccludee: 1
  m_MotionVectors: 1
  m_LightProbeUsage: 1
  m_ReflectionProbeUsage: 1
  m_RayTracingMode: 0
  m_RenderingLayerMask: 1
  m_RendererPriority: 0
  m_Materials:
  - {fileID: 2100000, guid: 185ca34253615de44926902d54fb6f1d, type: 2}
  m_StaticBatchInfo:
    firstSubMesh: 0
    subMeshCount: 0
  m_StaticBatchRoot: {fileID: 0}
  m_ProbeAnchor: {fileID: 0}
  m_LightProbeVolumeOverride: {fileID: 0}
  m_ScaleInLightmap: 1
  m_ReceiveGI: 1
  m_PreserveUVs: 0
  m_IgnoreNormalsForChartDetection: 0
  m_ImportantGI: 0
  m_StitchLightmapSeams: 0
  m_SelectedEditorRenderState: 3
  m_MinimumChartSize: 4
  m_AutoUVMaxDistance: 0.5
  m_AutoUVMaxAngle: 89
  m_LightmapParameters: {fileID: 0}
  m_SortingLayerID: 0
  m_SortingLayer: 0
  m_SortingOrder: 0
  serializedVersion: 2
  m_Quality: 0
  m_UpdateWhenOffscreen: 0
  m_SkinnedMotionVectors: 1
  m_Mesh: {fileID: 4300020, guid: 693459689483f9e4aa5a1a6e8b37269e, type: 3}
  m_Bones:
  - {fileID: 846978839264392489}
  - {fileID: 846978839264404925}
  - {fileID: 846978839264412941}
  - {fileID: 846978839264479711}
  - {fileID: 846978839264433037}
  - {fileID: 846978839264437533}
  - {fileID: 846978839264411265}
  - {fileID: 846978839264403513}
  - {fileID: 846978839264448029}
  - {fileID: 846978839264451915}
  - {fileID: 846978839264416287}
  - {fileID: 846978839264448495}
  - {fileID: 846978839264397825}
  - {fileID: 846978839264434433}
  - {fileID: 846978839264434943}
  - {fileID: 846978839264448959}
  - {fileID: 846978839264451611}
  - {fileID: 846978839264401709}
  m_BlendShapeWeights: []
  m_RootBone: {fileID: 846978839264392489}
  m_AABB:
    m_Center: {x: 0.0000009536743, y: -0.07978153, z: 1.2678552}
    m_Extent: {x: 3.9085295, y: 8.594743, z: 10.12587}
  m_DirtyAABB: 0
--- !u!1 &846978839264885909
GameObject:
  m_ObjectHideFlags: 0
  m_CorrespondingSourceObject: {fileID: 0}
  m_PrefabInstance: {fileID: 0}
  m_PrefabAsset: {fileID: 0}
  serializedVersion: 6
  m_Component:
  - component: {fileID: 846978839264411265}
  m_Layer: 0
  m_Name: ChickenRig_r_Leg_HipSHJnt
  m_TagString: Untagged
  m_Icon: {fileID: 0}
  m_NavMeshLayer: 0
  m_StaticEditorFlags: 0
  m_IsActive: 1
--- !u!4 &846978839264411265
Transform:
  m_ObjectHideFlags: 0
  m_CorrespondingSourceObject: {fileID: 0}
  m_PrefabInstance: {fileID: 0}
  m_PrefabAsset: {fileID: 0}
  m_GameObject: {fileID: 846978839264885909}
  m_LocalRotation: {x: 0.050986156, y: -0.050986156, z: 0.70526624, w: 0.70526624}
  m_LocalPosition: {x: 2.6059952, y: -1, z: 1.2775053e-16}
  m_LocalScale: {x: 1, y: 1, z: 1}
  m_Children:
  - {fileID: 846978839264403513}
  m_Father: {fileID: 846978839264392489}
  m_RootOrder: 2
  m_LocalEulerAnglesHint: {x: 0, y: 0, z: 0}
